time,bid-price,bid-volume,ask-price,ask-volume
2008-01-02 14:31:59.900999680,64.95,5,65.0,70
2008-01-02 14:31:59.900999680,64.95,5,65.0,64
2008-01-02 14:31:59.900999680,64.95,12,65.0,64
2008-01-02 14:31:59.900999680,64.95,12,65.0,63
2008-01-02 14:31:59.900999680,64.95,5,65.0,63
2008-01-02 14:31:59.948000000,64.91,2,65.0,63
2008-01-02 14:31:59.948000000,64.96,1,65.0,63
2008-01-02 14:31:59.948000000,64.91,2,65.0,63
2008-01-02 14:31:59.968999936,64.86,30,65.0,63
2008-01-02 14:32:00.036000000,64.86,30,65.0,61
2008-01-02 14:32:00.036000000,64.86,30,65.0,62
2008-01-02 14:32:00.036000000,64.86,30,65.0,63
2008-01-02 14:32:00.036000000,64.85,13,65.0,63
2008-01-02 14:32:00.036000000,64.85,13,65.0,60
2008-01-02 14:32:00.086000384,64.9,4,65.0,60
2008-01-02 14:32:00.100000256,64.85,13,65.0,60
2008-01-02 14:32:00.488999936,64.85,13,64.95,1
2008-01-02 14:32:00.492000000,64.85,13,65.0,60
2008-01-02 14:32:00.501000192,64.85,13,64.97,1
2008-01-02 14:32:00.501000192,64.85,13,64.97,2
2008-01-02 14:32:00.501000192,64.85,10,64.97,2
2008-01-02 14:32:00.565999872,64.85,10,64.95,1
2008-01-02 14:32:00.734000384,64.79,73,64.95,1
2008-01-02 14:32:00.734000384,64.79,73,64.94,1
2008-01-02 14:32:00.734000384,64.8,1,64.94,1
2008-01-02 14:32:00.734000384,64.8,1,64.95,1
2008-01-02 14:32:00.812000512,64.85,5,64.95,1
2008-01-02 14:32:00.912999936,64.85,5,64.97,1
2008-01-02 14:32:00.912999936,64.85,6,64.97,1
2008-01-02 14:32:00.912999936,64.86,5,64.97,1
2008-01-02 14:32:00.912999936,64.86,5,64.95,3
2008-01-02 14:32:00.912999936,64.8,1,64.95,3
2008-01-02 14:32:00.912999936,64.8,1,64.95,4
2008-01-02 14:32:00.912999936,64.8,1,64.95,3
2008-01-02 14:32:00.912999936,64.8,1,64.94,1
2008-01-02 14:32:00.969000704,64.8,1,64.94,2
2008-01-02 14:32:01.021999872,64.8,1,64.94,3
2008-01-02 14:32:01.132999936,64.79,73,64.94,3
2008-01-02 14:32:01.132999936,64.79,73,64.94,2
2008-01-02 14:32:01.132999936,64.8,1,64.94,2
2008-01-02 14:32:01.132999936,64.79,73,64.94,2
2008-01-02 14:32:01.132999936,64.91,1,64.94,2
2008-01-02 14:32:01.132999936,64.79,73,64.94,2
2008-01-02 14:32:01.198999808,64.85,1,64.94,2
2008-01-02 14:32:01.198999808,64.85,6,64.94,2
2008-01-02 14:32:01.198999808,64.85,5,64.94,2
2008-01-02 14:32:01.198999808,64.85,5,64.94,1
2008-01-02 14:32:01.198999808,64.85,5,64.92,1
2008-01-02 14:32:01.198999808,64.85,5,64.94,1
2008-01-02 14:32:01.198999808,64.85,5,64.95,3
2008-01-02 14:32:01.262000384,64.95,11,64.97,1
2008-01-02 14:32:01.458000640,64.95,10,64.97,1
2008-01-02 14:32:01.458000640,64.95,9,64.97,1
2008-01-02 14:32:01.458000640,64.95,8,64.97,1
2008-01-02 14:32:01.527000320,64.95,7,64.97,1
2008-01-02 14:32:01.626999808,64.95,7,65.0,60
2008-01-02 14:32:01.689999872,64.95,12,65.0,60
2008-01-02 14:32:01.917999872,64.95,4,65.0,60
2008-01-02 14:32:01.917999872,64.95,4,64.97,1
2008-01-02 14:32:01.917999872,64.95,4,65.0,60
2008-01-02 14:32:01.924999680,64.95,4,64.97,1
2008-01-02 14:32:01.935999744,64.95,4,65.0,60
2008-01-02 14:32:02.224999936,64.95,4,64.99,4
2008-01-02 14:32:02.245999872,64.95,4,64.97,4
2008-01-02 14:32:02.245999872,64.95,4,64.99,4
2008-01-02 14:32:02.285999872,64.95,2,64.99,4
2008-01-02 14:32:02.583000064,64.95,2,64.96,3
2008-01-02 14:32:02.587999744,64.91,1,64.96,3
2008-01-02 14:32:02.757999872,64.91,1,64.99,4
2008-01-02 14:32:02.757999872,64.85,1,64.99,4
2008-01-02 14:32:02.808000256,64.85,1,64.96,1
2008-01-02 14:32:02.808000256,64.85,1,64.96,2
2008-01-02 14:32:02.808000256,64.91,1,64.96,2
2008-01-02 14:32:02.808000256,64.95,5,64.96,2
2008-01-02 14:32:02.941999872,64.91,1,64.96,2
2008-01-02 14:32:03.049999872,64.91,1,64.96,1
2008-01-02 14:32:03.049999872,64.91,1,65.0,60
2008-01-02 14:32:03.049999872,64.91,1,64.99,4
2008-01-02 14:32:03.104999936,64.91,1,64.95,1
2008-01-02 14:32:03.104999936,64.88,1,64.95,1
2008-01-02 14:32:03.116000000,64.88,6,64.95,1
2008-01-02 14:32:03.116000000,64.88,6,64.99,4
2008-01-02 14:32:03.116000000,64.88,6,65.0,60
2008-01-02 14:32:03.116000000,64.95,5,65.0,60
2008-01-02 14:32:03.351000320,64.95,5,64.99,1
2008-01-02 14:32:03.359999488,64.95,5,65.0,60
2008-01-02 14:32:03.359999488,64.85,1,65.0,60
2008-01-02 14:32:03.359999488,64.85,1,64.99,4
2008-01-02 14:32:03.359999488,64.85,1,64.99,5
2008-01-02 14:32:03.359999488,64.85,1,64.91,2
2008-01-02 14:32:03.405999616,64.88,1,64.91,2
2008-01-02 14:32:03.429999360,64.88,1,64.99,5
2008-01-02 14:32:03.429999360,64.88,1,64.99,1
2008-01-02 14:32:03.429999360,64.88,2,64.99,1
2008-01-02 14:32:03.429999360,64.88,1,64.99,1
2008-01-02 14:32:03.584999424,64.88,1,65.0,60
2008-01-02 14:32:03.584999424,64.88,1,64.99,1
2008-01-02 14:32:03.584999424,64.95,5,64.99,1
2008-01-02 14:32:03.584999424,64.95,5,64.99,5
2008-01-02 14:32:03.651999488,64.95,5,64.99,4
2008-01-02 14:32:03.651999488,64.95,5,65.0,60
2008-01-02 14:32:03.751999744,64.95,5,64.97,1
2008-01-02 14:32:03.751999744,64.95,5,64.97,2
2008-01-02 14:32:03.751999744,64.95,5,64.97,3
2008-01-02 14:32:03.751999744,64.95,5,64.97,2
2008-01-02 14:32:03.751999744,64.95,5,64.97,1
2008-01-02 14:32:03.885999872,64.95,5,65.0,60
2008-01-02 14:32:03.885999872,64.85,1,65.0,60
2008-01-02 14:32:03.885999872,64.85,1,64.99,4
2008-01-02 14:32:03.891999744,64.89,1,64.99,4
2008-01-02 14:32:03.904999424,64.89,1,64.95,2
2008-01-02 14:32:04.120999680,64.95,3,64.97,7
2008-01-02 14:32:04.161000192,64.95,3,64.97,11
2008-01-02 14:32:04.161000192,64.95,3,64.97,7
2008-01-02 14:32:04.260999680,64.85,1,64.97,7
2008-01-02 14:32:04.260999680,64.91,15,64.97,7
2008-01-02 14:32:04.260999680,64.91,15,64.96,2
2008-01-02 14:32:04.305999872,64.91,15,64.97,3
2008-01-02 14:32:04.305999872,64.91,15,64.95,4
2008-01-02 14:32:04.305999872,64.91,14,64.95,4
2008-01-02 14:32:04.404999680,64.91,9,64.95,4
2008-01-02 14:32:04.404999680,64.91,9,64.97,3
2008-01-02 14:32:04.514999808,64.91,9,64.96,1
2008-01-02 14:32:04.514999808,64.91,9,64.96,2
2008-01-02 14:32:04.514999808,64.95,5,64.96,2
2008-01-02 14:32:04.584999680,64.95,5,64.96,1
2008-01-02 14:32:04.591000064,64.95,5,64.96,5
2008-01-02 14:32:04.591000064,64.95,5,64.96,4
2008-01-02 14:32:04.591000064,64.95,5,65.0,60
2008-01-02 14:32:04.743999744,64.91,9,65.0,60
2008-01-02 14:32:04.743999744,64.92,1,65.0,60
2008-01-02 14:32:04.970000128,64.92,1,64.96,4
2008-01-02 14:32:04.980999936,64.92,1,65.0,60
2008-01-02 14:32:04.980999936,64.95,5,65.0,60
2008-01-02 14:32:05.149000448,64.95,5,64.98,2
2008-01-02 14:32:05.149000448,64.91,9,64.98,2
2008-01-02 14:32:05.149000448,64.94,3,64.98,2
2008-01-02 14:32:05.296000256,64.95,5,64.98,2
2008-01-02 14:32:05.405000704,64.95,4,64.98,2
2008-01-02 14:32:05.405000704,64.95,2,64.98,2
2008-01-02 14:32:05.580999936,64.95,2,64.98,6
2008-01-02 14:32:05.616000256,64.94,3,64.98,6
2008-01-02 14:32:05.700000000,64.92,1,64.98,6
2008-01-02 14:32:05.847000064,64.91,9,64.98,6
2008-01-02 14:32:05.859000064,64.95,2,64.98,6
2008-01-02 14:32:06.058999808,64.95,1,64.98,6
2008-01-02 14:32:06.058999808,64.91,9,64.98,6
2008-01-02 14:32:06.091000064,64.91,7,64.98,6
2008-01-02 14:32:06.091000064,64.92,1,64.98,6
2008-01-02 14:32:06.091000064,64.91,7,64.98,6
2008-01-02 14:32:06.091000064,64.91,8,64.98,6
2008-01-02 14:32:06.144999936,64.91,7,64.98,6
2008-01-02 14:32:06.325999872,64.95,1,64.98,6
2008-01-02 14:32:06.479999744,64.92,1,64.98,6
2008-01-02 14:32:06.479999744,64.91,7,64.98,6
2008-01-02 14:32:06.564999936,64.91,8,64.98,6
2008-01-02 14:32:06.564999936,64.91,2,64.98,6
2008-01-02 14:32:06.564999936,64.91,1,64.98,6
2008-01-02 14:32:06.735999488,64.91,6,64.98,6
2008-01-02 14:32:06.735999488,64.91,2,64.98,6
2008-01-02 14:32:06.776000000,64.88,5,64.98,6
2008-01-02 14:32:06.881000448,64.91,1,64.98,6
2008-01-02 14:32:07.016000256,64.91,1,64.98,4
2008-01-02 14:32:07.016000256,64.91,2,64.98,4
2008-01-02 14:32:07.038000128,64.91,4,64.98,4
2008-01-02 14:32:07.508999936,64.91,4,64.96,1
2008-01-02 14:32:08.020999936,64.91,4,64.96,5
2008-01-02 14:32:08.231000064,64.89,1,64.96,5
2008-01-02 14:32:08.467000064,64.89,1,64.96,6
2008-01-02 14:32:08.467000064,64.91,5,64.96,6
2008-01-02 14:32:08.712000256,64.88,5,64.96,6
2008-01-02 14:32:09.001998848,64.9,5,64.96,6
2008-01-02 14:32:09.001998848,64.96,8,64.97,1
2008-01-02 14:32:09.246999808,64.96,8,64.98,1
2008-01-02 14:32:09.684999680,64.96,8,64.99,1
2008-01-02 14:32:09.686000384,64.94,1,64.99,1
2008-01-02 14:32:09.686000384,64.94,1,64.96,5
2008-01-02 14:32:10.071000064,64.91,1,64.96,5
2008-01-02 14:32:10.315999744,64.91,2,64.96,5
2008-01-02 14:32:10.506999808,64.91,3,64.96,5
2008-01-02 14:32:10.565999872,64.91,2,64.96,5
2008-01-02 14:32:10.565999872,64.91,3,64.96,5
2008-01-02 14:32:10.572000256,64.91,2,64.96,5
2008-01-02 14:32:10.652000000,64.91,1,64.96,5
2008-01-02 14:32:10.652000000,64.9,5,64.96,5
2008-01-02 14:32:10.882000128,64.91,1,64.96,5
2008-01-02 14:32:10.882000128,64.96,10,64.99,1
2008-01-02 14:32:11.127001088,64.96,10,64.99,4
2008-01-02 14:32:11.181000192,64.9,5,64.99,4
2008-01-02 14:32:11.229000448,64.91,1,64.99,4
2008-01-02 14:32:11.407001088,64.91,1,64.98,1
2008-01-02 14:32:11.407001088,64.91,1,64.98,2
2008-01-02 14:32:11.640000000,64.91,1,64.97,1
2008-01-02 14:32:11.778000896,64.91,1,64.96,1
2008-01-02 14:32:12.532000000,64.9,5,64.96,1
2008-01-02 14:32:12.821000448,64.9,7,64.96,1
2008-01-02 14:32:13.086000384,64.9,7,64.95,1
2008-01-02 14:32:13.086000384,64.9,8,64.95,1
2008-01-02 14:32:13.086000384,64.9,7,64.95,1
2008-01-02 14:32:13.086000384,64.9,7,64.96,1
2008-01-02 14:32:13.086000384,64.9,5,64.96,1
2008-01-02 14:32:13.127000320,64.96,12,64.99,1
2008-01-02 14:32:13.191000064,64.96,12,64.97,1
2008-01-02 14:32:13.191000064,64.96,12,64.99,1
2008-01-02 14:32:14.065999616,64.96,9,64.99,1
2008-01-02 14:32:14.291000320,64.9,5,64.99,1
2008-01-02 14:32:14.291000320,64.9,5,65.0,61
2008-01-02 14:32:14.291000320,64.9,5,64.98,2
2008-01-02 14:32:14.471000320,64.9,5,64.97,2
2008-01-02 14:32:14.480999936,64.91,1,64.97,2
2008-01-02 14:32:14.480999936,64.91,2,64.97,2
2008-01-02 14:32:14.535000320,64.91,3,64.97,2
2008-01-02 14:32:14.682000896,64.9,5,64.97,2
2008-01-02 14:32:14.686000384,64.9,5,64.96,1
2008-01-02 14:32:14.895000320,64.9,5,64.97,2
2008-01-02 14:32:14.906000896,64.9,5,64.92,1
2008-01-02 14:32:14.906000896,64.9,5,64.97,2
2008-01-02 14:32:15.152000000,64.9,5,64.94,1
2008-01-02 14:32:15.236000000,64.9,5,64.97,2
2008-01-02 14:32:15.296000000,64.9,5,64.96,1
2008-01-02 14:32:15.305999872,64.96,13,64.97,2
2008-01-02 14:32:15.451000064,64.96,3,64.97,2
2008-01-02 14:32:15.451000064,64.96,4,64.97,2
2008-01-02 14:32:15.932999936,64.93,3,64.97,2
2008-01-02 14:32:15.933999616,64.93,3,64.96,4
2008-01-02 14:32:16.016000256,64.93,3,64.96,6
2008-01-02 14:32:16.288000256,64.93,2,64.96,6
2008-01-02 14:32:16.436000256,64.93,2,64.96,3
2008-01-02 14:32:16.436000256,64.93,2,64.97,2
2008-01-02 14:32:17.081000448,64.96,15,64.97,2
2008-01-02 14:32:17.516000512,64.96,15,64.98,2
2008-01-02 14:32:17.685000192,64.97,4,64.98,2
2008-01-02 14:32:18.156000256,64.96,15,64.98,2
2008-01-02 14:32:18.623000064,64.93,3,64.98,2
2008-01-02 14:32:18.623000064,64.98,13,65.0,61
2008-01-02 14:32:19.421999872,64.98,3,65.0,61
2008-01-02 14:32:19.656000256,64.98,1,65.0,61
2008-01-02 14:32:20.256000000,64.98,1,65.0,1
2008-01-02 14:32:20.746000128,64.93,3,65.04,5
2008-01-02 14:32:20.746000128,64.93,3,65.03,1
2008-01-02 14:32:20.746000128,64.93,2,65.03,1
2008-01-02 14:32:20.746000128,64.93,2,65.04,5
2008-01-02 14:32:20.747000320,65.0,4,65.04,5
2008-01-02 14:32:20.747000320,65.0,6,65.04,5
2008-01-02 14:32:20.888999936,65.0,6,65.03,1
2008-01-02 14:32:20.965999872,65.0,3,65.03,1
2008-01-02 14:32:20.965999872,65.0,3,65.04,5
2008-01-02 14:32:21.220000000,65.0,3,65.04,1
2008-01-02 14:32:21.220999936,65.01,1,65.04,1
2008-01-02 14:32:21.220999936,65.01,1,65.05,5
2008-01-02 14:32:21.281999872,65.03,1,65.05,5
2008-01-02 14:32:21.366000384,65.0,3,65.05,5
2008-01-02 14:32:21.678000128,65.01,1,65.05,5
2008-01-02 14:32:22.000999936,65.01,1,65.12,8
2008-01-02 14:32:22.000999936,65.05,5,65.12,8
2008-01-02 14:32:22.069999616,65.05,6,65.12,8
2008-01-02 14:32:22.225999872,65.05,1,65.12,8
2008-01-02 14:32:22.325999872,65.05,2,65.12,8
2008-01-02 14:32:22.325999872,65.05,2,65.21,8
2008-01-02 14:32:22.325999872,65.05,3,65.21,8
2008-01-02 14:32:22.380999936,65.05,3,65.12,5
2008-01-02 14:32:22.470999552,65.05,2,65.12,5
2008-01-02 14:32:22.514999552,65.06,1,65.12,5
2008-01-02 14:32:22.550000384,65.06,1,65.11,5
2008-01-02 14:32:22.637999872,65.05,1,65.11,5
2008-01-02 14:32:22.924999680,65.05,1,65.1,5
2008-01-02 14:32:22.924999680,65.04,3,65.1,5
2008-01-02 14:32:22.924999680,65.04,3,65.07,1
2008-01-02 14:32:23.096000000,64.97,1,65.07,1
2008-01-02 14:32:23.391000064,65.0,4,65.07,1
2008-01-02 14:32:23.491000064,64.97,1,65.07,1
2008-01-02 14:32:23.491000064,64.97,1,65.1,5
2008-01-02 14:32:23.635999744,64.91,5,65.1,5
2008-01-02 14:32:23.635999744,64.91,13,65.1,5
2008-01-02 14:32:23.724999680,64.95,4,65.1,5
2008-01-02 14:32:23.960999680,64.95,4,65.09,1
2008-01-02 14:32:23.960999680,64.98,2,65.09,1
2008-01-02 14:32:24.659000064,64.98,2,65.09,3
2008-01-02 14:32:24.659000064,64.98,2,65.09,1
2008-01-02 14:32:25.900000000,64.98,2,65.07,1
2008-01-02 14:32:26.002000384,64.98,1,65.07,1
2008-01-02 14:32:26.308999936,64.96,2,65.07,1
2008-01-02 14:32:27.036000000,65.05,2,65.07,1
2008-01-02 14:32:27.145999872,65.05,2,65.1,5
2008-01-02 14:32:27.310000384,65.05,2,65.06,1
2008-01-02 14:32:27.356000000,65.05,1,65.06,1
2008-01-02 14:32:27.432000256,65.05,1,65.1,5
2008-01-02 14:32:27.455999488,65.05,1,65.09,2
2008-01-02 14:32:27.455999488,65.05,1,65.09,3
2008-01-02 14:32:27.542000384,65.05,1,65.09,1
2008-01-02 14:32:27.620999936,65.05,1,65.1,5
2008-01-02 14:32:27.620999936,65.05,1,65.09,2
2008-01-02 14:32:28.499999488,65.05,1,65.1,5
2008-01-02 14:32:28.657000704,65.04,1,65.1,5
2008-01-02 14:32:28.737999872,65.04,1,65.1,3
2008-01-02 14:32:28.790999552,65.04,1,65.09,1
2008-01-02 14:32:29.146000384,65.04,1,65.18,13
2008-01-02 14:32:29.207000064,65.04,1,65.07,4
2008-01-02 14:32:29.208001024,65.04,1,65.18,13
2008-01-02 14:32:29.218000128,65.08,1,65.18,13
2008-01-02 14:32:29.273000192,65.08,1,65.15,5
2008-01-02 14:32:29.436000256,65.05,5,65.15,5
2008-01-02 14:32:29.436000256,65.06,1,65.15,5
2008-01-02 14:32:29.436000256,65.05,5,65.15,5
2008-01-02 14:32:29.514999808,65.04,1,65.15,5
2008-01-02 14:32:29.514999808,65.07,2,65.15,5
2008-01-02 14:32:29.746000384,65.07,3,65.15,5
2008-01-02 14:32:29.746000384,65.07,2,65.15,5
2008-01-02 14:32:29.981000192,65.08,1,65.15,5
2008-01-02 14:32:30.047000064,65.07,2,65.15,5
2008-01-02 14:32:30.163000320,65.04,1,65.15,5
2008-01-02 14:32:30.163000320,65.04,1,65.14,1
2008-01-02 14:32:30.316000000,65.04,1,65.14,5
2008-01-02 14:32:30.502000384,65.04,1,65.14,1
2008-01-02 14:32:30.741000448,65.04,1,65.14,5
2008-01-02 14:32:31.217999872,65.05,1,65.14,5
2008-01-02 14:32:31.217999872,65.05,1,65.14,4
2008-01-02 14:32:31.217999872,65.04,1,65.14,4
2008-01-02 14:32:31.217999872,65.04,1,65.15,5
2008-01-02 14:32:31.217999872,65.04,1,65.13,2
2008-01-02 14:32:31.292000000,65.04,1,65.15,5
2008-01-02 14:32:31.456999936,65.06,1,65.15,5
2008-01-02 14:32:31.625999872,65.04,1,65.15,5
2008-01-02 14:32:34.086999808,65.04,1,65.12,3
2008-01-02 14:32:34.627000064,65.04,1,65.11,1
2008-01-02 14:32:34.627000064,65.04,1,65.12,3
2008-01-02 14:32:34.970999552,65.08,16,65.12,3
2008-01-02 14:32:35.105000448,65.08,16,65.12,7
2008-01-02 14:32:35.225000192,65.08,7,65.12,7
2008-01-02 14:32:35.346000128,65.08,7,65.12,3
2008-01-02 14:32:35.415999488,65.08,5,65.12,3
2008-01-02 14:32:36.410999552,65.08,5,65.15,8
2008-01-02 14:32:36.712000000,65.08,5,65.14,1
2008-01-02 14:32:36.727000064,65.08,2,65.14,1
2008-01-02 14:32:36.817999872,65.08,2,65.15,8
2008-01-02 14:32:37.170000128,65.08,2,65.14,1
2008-01-02 14:32:37.181000192,65.08,2,65.15,8
2008-01-02 14:32:40.410999808,65.08,2,65.13,1
2008-01-02 14:32:40.940000256,65.04,1,65.13,1
2008-01-02 14:32:41.186000128,65.04,1,65.15,8
2008-01-02 14:32:41.186000128,65.04,1,65.13,1
2008-01-02 14:32:41.186000128,65.04,1,65.15,8
2008-01-02 14:32:41.331999744,65.04,4,65.15,8
2008-01-02 14:32:41.500999680,65.04,4,65.14,1
2008-01-02 14:32:41.566999552,65.05,1,65.14,1
2008-01-02 14:32:42.126000128,65.05,4,65.14,1
2008-01-02 14:32:42.683999744,65.07,1,65.14,1
2008-01-02 14:32:42.819000832,65.07,1,65.15,8
2008-01-02 14:32:42.941000192,65.05,3,65.15,8
2008-01-02 14:32:43.005999872,65.04,1,65.15,8
2008-01-02 14:32:43.019000320,65.04,1,65.13,1
2008-01-02 14:32:43.130999808,65.04,1,65.11,1
2008-01-02 14:32:43.461000192,65.05,1,65.11,1
2008-01-02 14:32:43.688000000,65.05,1,65.15,8
2008-01-02 14:32:43.816000512,65.05,4,65.15,8
2008-01-02 14:32:43.985000448,65.05,5,65.15,8
2008-01-02 14:32:43.985000448,65.05,5,65.14,1
2008-01-02 14:32:44.116000000,65.05,5,65.14,2
2008-01-02 14:32:44.116000000,65.05,5,65.14,1
2008-01-02 14:32:44.116000000,65.05,4,65.14,1
2008-01-02 14:32:44.127999488,65.05,3,65.14,1
2008-01-02 14:32:44.227000064,65.05,3,65.11,4
2008-01-02 14:32:44.304999680,65.05,3,65.11,5
2008-01-02 14:32:44.304999680,65.04,1,65.11,5
2008-01-02 14:32:44.609000448,65.04,1,65.09,1
2008-01-02 14:32:44.710999808,65.05,1,65.09,1
2008-01-02 14:32:44.820999680,65.05,1,65.11,4
2008-01-02 14:32:45.112000256,65.05,2,65.11,4
2008-01-02 14:32:45.112000256,65.05,2,65.1,1
2008-01-02 14:32:45.425000192,65.05,1,65.1,1
2008-01-02 14:32:45.425000192,65.05,1,65.11,4
2008-01-02 14:32:45.500999936,65.04,1,65.11,4
2008-01-02 14:32:45.756000000,65.04,1,65.1,1
2008-01-02 14:32:46.199000320,65.0,5,65.1,1
2008-01-02 14:32:46.633000192,65.0,8,65.1,1
2008-01-02 14:32:47.716000768,65.0,8,65.07,2
2008-01-02 14:32:48.028999936,65.01,2,65.07,2
2008-01-02 14:32:48.028999936,65.01,2,65.11,4
2008-01-02 14:32:48.028999936,65.01,2,65.08,1
2008-01-02 14:32:48.387000064,65.01,4,65.08,1
2008-01-02 14:32:48.406000128,65.01,7,65.08,1
2008-01-02 14:32:48.771000320,65.01,5,65.08,1
2008-01-02 14:32:48.771000320,65.01,3,65.08,1
2008-01-02 14:32:49.607000064,65.01,3,65.07,4
2008-01-02 14:32:49.886000640,65.02,2,65.07,4
2008-01-02 14:32:49.886000640,65.02,2,65.06,1
2008-01-02 14:32:49.886000640,65.02,2,65.07,4
2008-01-02 14:32:50.208000256,65.02,4,65.07,4
2008-01-02 14:32:50.208000256,65.02,2,65.07,4
2008-01-02 14:32:50.208000256,65.02,5,65.07,4
2008-01-02 14:32:50.360999936,65.02,3,65.07,4
2008-01-02 14:32:50.517000192,65.03,2,65.07,4
2008-01-02 14:32:50.740999936,65.03,2,65.06,1
2008-01-02 14:32:51.005999872,65.03,4,65.06,1
2008-01-02 14:32:51.360000000,65.03,4,65.07,4
2008-01-02 14:32:51.623000320,65.03,2,65.07,4
2008-01-02 14:32:51.623000320,65.0,5,65.07,4
2008-01-02 14:32:51.921000192,65.04,2,65.07,4
2008-01-02 14:32:51.921000192,65.04,2,65.06,1
2008-01-02 14:32:51.921000192,65.04,2,65.07,4
2008-01-02 14:32:51.950000128,65.01,2,65.07,4
2008-01-02 14:32:52.167000064,65.0,8,65.07,4
2008-01-02 14:32:52.221000448,65.0,8,65.05,1
2008-01-02 14:32:52.221000448,65.0,5,65.05,1
2008-01-02 14:32:52.355000064,65.01,2,65.05,1
2008-01-02 14:32:52.355000064,65.01,2,65.07,4
2008-01-02 14:32:52.456999680,65.01,4,65.07,4
2008-01-02 14:32:52.621999616,65.0,8,65.07,4
2008-01-02 14:32:52.621999616,65.0,8,65.04,1
2008-01-02 14:32:52.747000320,65.0,5,65.04,1
2008-01-02 14:32:52.956000000,65.01,3,65.04,1
2008-01-02 14:32:52.963000064,65.01,3,65.07,4
2008-01-02 14:32:52.963000064,65.0,5,65.07,4
2008-01-02 14:32:53.351000064,65.0,8,65.07,4
2008-01-02 14:32:53.429999872,65.0,7,65.07,4
2008-01-02 14:32:53.429999872,65.0,4,65.07,4
2008-01-02 14:32:53.821000448,65.0,4,65.01,1
2008-01-02 14:32:54.167000320,64.95,2,65.01,1
2008-01-02 14:32:54.230000384,64.95,2,65.0,1
2008-01-02 14:32:54.401000192,64.95,7,65.0,1
2008-01-02 14:32:54.492000000,64.95,10,65.0,1
2008-01-02 14:32:54.536999936,64.95,10,65.01,1
2008-01-02 14:32:54.546000896,64.95,7,65.01,1
2008-01-02 14:32:54.611000832,64.95,7,65.0,1
2008-01-02 14:32:54.720000512,64.95,7,65.01,1
2008-01-02 14:32:55.056000000,64.95,10,65.01,1
2008-01-02 14:32:55.154999808,64.96,1,65.01,1
2008-01-02 14:32:55.154999808,64.96,16,65.01,1
2008-01-02 14:32:55.154999808,64.96,16,65.05,5
2008-01-02 14:32:55.485999872,64.96,19,65.05,5
2008-01-02 14:32:55.777999872,64.96,19,65.04,1
2008-01-02 14:32:55.786000128,64.96,19,65.0,1
2008-01-02 14:32:56.211000832,64.96,19,65.05,5
2008-01-02 14:32:56.442000128,64.96,19,65.05,9
2008-01-02 14:32:56.509000192,64.96,19,65.02,1
2008-01-02 14:32:57.989999360,64.96,18,65.02,1
2008-01-02 14:32:57.989999360,64.96,19,65.02,1
2008-01-02 14:32:58.940000000,64.96,20,65.02,1
2008-01-02 14:32:59.020999936,64.96,19,65.02,1
2008-01-02 14:32:59.860000256,64.96,20,65.02,1
2008-01-02 14:32:59.925000192,64.97,2,65.02,1
2008-01-02 14:33:00.421999360,64.96,20,65.02,1
2008-01-02 14:33:00.430999808,64.96,17,65.02,1
2008-01-02 14:33:00.547000064,64.96,16,65.02,1
2008-01-02 14:33:00.693999872,64.96,17,65.02,1
2008-01-02 14:33:01.128999936,64.96,16,65.02,1
2008-01-02 14:33:02.211000320,64.96,16,65.0,1
2008-01-02 14:33:02.211000320,64.96,17,65.0,1
2008-01-02 14:33:02.211000320,64.96,18,65.0,1
2008-01-02 14:33:02.211000320,64.96,18,64.99,1
2008-01-02 14:33:02.325000448,64.96,18,65.0,1
2008-01-02 14:33:02.645000192,64.96,17,65.0,1
2008-01-02 14:33:02.705999360,64.96,16,65.0,1
2008-01-02 14:33:03.976999936,64.96,17,65.0,1
2008-01-02 14:33:04.042000384,64.96,18,65.0,1
2008-01-02 14:33:04.042000384,64.96,19,65.0,1
2008-01-02 14:33:04.109999360,64.96,18,65.0,1
2008-01-02 14:33:04.114000128,64.96,17,65.0,1
2008-01-02 14:33:04.114000128,64.96,10,65.0,1
2008-01-02 14:33:04.311000320,64.96,11,65.0,1
2008-01-02 14:33:04.444999936,64.96,12,65.0,1
2008-01-02 14:33:04.770000128,64.96,11,65.0,1
2008-01-02 14:33:04.776999936,64.96,10,65.0,1
2008-01-02 14:33:04.860000256,64.96,13,65.0,1
2008-01-02 14:33:05.415000064,64.96,14,65.0,1
2008-01-02 14:33:05.527000320,64.96,15,65.0,1
2008-01-02 14:33:05.600000256,64.96,14,65.0,1
2008-01-02 14:33:06.492999680,64.97,1,65.0,1
2008-01-02 14:33:06.506000128,64.97,2,65.0,1
2008-01-02 14:33:06.532999680,64.96,11,65.0,1
2008-01-02 14:33:06.706999808,64.96,10,65.0,1
2008-01-02 14:33:07.315000320,64.97,3,65.0,1
2008-01-02 14:33:07.335000576,64.97,3,65.02,1
2008-01-02 14:33:07.469000192,64.98,8,65.02,1
2008-01-02 14:33:07.635999744,64.98,8,65.01,1
2008-01-02 14:33:07.635999744,64.98,8,64.99,1
2008-01-02 14:33:07.635999744,64.98,8,65.01,1
2008-01-02 14:33:07.705999872,64.98,8,65.01,2
2008-01-02 14:33:07.705999872,64.98,9,65.01,2
2008-01-02 14:33:07.929000704,64.98,9,65.01,1
2008-01-02 14:33:08.077000192,64.98,9,65.05,5
2008-01-02 14:33:08.222000640,64.98,9,65.0,1
2008-01-02 14:33:08.222000640,64.98,9,65.04,2
2008-01-02 14:33:08.431000320,64.98,12,65.04,2
2008-01-02 14:33:08.565000448,64.98,12,65.05,5
2008-01-02 14:33:08.565000448,64.98,12,65.05,5
2008-01-02 14:33:08.721000192,64.98,9,65.05,5
2008-01-02 14:33:08.721000192,64.98,9,65.03,2
2008-01-02 14:33:08.822000384,64.98,9,65.05,5
2008-01-02 14:33:08.856000512,64.98,9,65.04,1
2008-01-02 14:33:08.856000512,64.99,3,65.04,1
2008-01-02 14:33:09.186999808,64.99,3,65.04,2
2008-01-02 14:33:09.483000576,64.99,3,65.03,1
2008-01-02 14:33:09.483000576,64.99,3,65.04,2
2008-01-02 14:33:09.502000128,64.98,8,65.04,2
2008-01-02 14:33:09.550999552,64.98,8,65.0,1
2008-01-02 14:33:09.617000192,64.98,8,65.04,2
2008-01-02 14:33:09.700000000,64.98,8,65.02,1
2008-01-02 14:33:09.735000320,64.98,8,65.02,2
2008-01-02 14:33:09.735000320,64.97,3,65.02,2
2008-01-02 14:33:09.735000320,64.97,3,65.02,1
2008-01-02 14:33:09.735000320,64.97,3,64.99,1
2008-01-02 14:33:09.845000192,64.97,2,65.05,5
2008-01-02 14:33:10.026000128,64.97,2,65.01,1
2008-01-02 14:33:10.030000384,64.97,2,65.01,2
2008-01-02 14:33:10.030000384,64.97,2,64.98,3
2008-01-02 14:33:10.162000128,64.96,1,64.98,3
2008-01-02 14:33:10.252999936,64.96,1,64.97,1
2008-01-02 14:33:10.417000192,64.96,1,64.98,1
2008-01-02 14:33:10.417000192,64.95,5,64.98,1
2008-01-02 14:33:10.496000000,64.95,5,64.98,1
2008-01-02 14:33:10.618000128,64.96,1,64.98,1
2008-01-02 14:33:10.649999872,64.96,2,64.98,1
2008-01-02 14:33:10.796000256,64.96,1,64.98,1
2008-01-02 14:33:10.796000256,64.95,5,64.98,1
2008-01-02 14:33:10.796000256,64.95,5,64.97,1
2008-01-02 14:33:10.816000512,64.95,5,65.05,9
2008-01-02 14:33:10.816000512,64.97,1,65.05,9
2008-01-02 14:33:11.180999936,64.95,5,65.05,9
2008-01-02 14:33:11.189999616,64.99,1,65.05,9
2008-01-02 14:33:11.281999616,64.97,1,65.05,9
2008-01-02 14:33:11.315000064,64.97,1,65.05,5
2008-01-02 14:33:11.315000064,64.95,5,65.05,5
2008-01-02 14:33:11.315000064,64.97,1,65.05,5
2008-01-02 14:33:11.315000064,64.95,5,65.05,5
2008-01-02 14:33:11.418999552,64.96,1,65.05,5
2008-01-02 14:33:11.716999424,64.96,4,65.05,5
2008-01-02 14:33:11.959999488,64.96,1,65.05,5
2008-01-02 14:33:12.340999680,64.96,4,65.05,5
2008-01-02 14:33:12.778000128,64.96,1,65.05,5
2008-01-02 14:33:13.309999616,64.96,4,65.05,5
2008-01-02 14:33:13.623999744,64.96,3,65.05,5
2008-01-02 14:33:14.391000064,64.96,3,65.04,1
2008-01-02 14:33:14.391000064,64.96,3,64.98,1
2008-01-02 14:33:14.924999936,64.95,5,64.98,1
2008-01-02 14:33:15.333999872,64.95,3,64.98,1
2008-01-02 14:33:19.524000000,64.95,3,64.98,2
2008-01-02 14:33:20.036000000,64.96,8,64.98,2
2008-01-02 14:33:20.443999744,64.96,9,64.98,2
2008-01-02 14:33:21.101000448,64.96,9,64.98,1
2008-01-02 14:33:21.564000256,64.96,6,64.98,1
2008-01-02 14:33:21.825000192,64.96,5,64.98,1
2008-01-02 14:33:22.503999744,64.97,6,64.98,1
2008-01-02 14:33:22.860000000,64.97,2,64.98,1
2008-01-02 14:33:23.260999936,64.97,1,64.98,1
2008-01-02 14:33:23.260999936,64.96,2,64.98,1
2008-01-02 14:33:23.260999936,64.96,2,64.97,2
2008-01-02 14:33:23.306000128,64.96,2,64.97,3
2008-01-02 14:33:23.683999744,64.96,1,64.97,3
2008-01-02 14:33:23.683999744,64.95,5,64.96,1
2008-01-02 14:33:24.229000448,64.95,5,64.96,1
2008-01-02 14:33:24.429000704,64.95,4,64.96,1
2008-01-02 14:33:24.447999488,64.95,2,64.96,1
2008-01-02 14:33:24.706000640,64.95,2,64.96,1
2008-01-02 14:33:24.719000320,64.95,2,64.96,1
2008-01-02 14:33:24.734000384,64.95,2,64.96,1
2008-01-02 14:33:25.005000704,64.95,2,64.96,1
2008-01-02 14:33:25.254000640,64.95,2,64.96,1
2008-01-02 14:33:25.304000256,64.95,2,64.96,1
2008-01-02 14:33:25.869999872,64.95,2,64.96,1
2008-01-02 14:33:26.059000064,64.95,1,64.96,1
2008-01-02 14:33:26.214000128,64.95,2,64.97,4
2008-01-02 14:33:27.204999424,64.95,2,64.97,4
2008-01-02 14:33:28.219999744,64.95,2,64.97,2
2008-01-02 14:33:29.606000640,64.95,2,64.97,2
2008-01-02 14:33:29.691999488,64.95,2,64.97,2
2008-01-02 14:33:30.416000512,64.95,2,64.97,1
2008-01-02 14:33:30.416000512,64.95,2,65.0,5
2008-01-02 14:33:30.416000512,64.97,4,65.0,5
2008-01-02 14:33:30.554999552,64.97,5,65.0,5
2008-01-02 14:33:30.554999552,64.95,2,65.0,5
2008-01-02 14:33:30.644999936,64.96,1,65.0,5
2008-01-02 14:33:30.794999808,64.96,1,65.03,4
2008-01-02 14:33:31.130000128,64.99,1,65.03,4
2008-01-02 14:33:31.320000000,64.96,4,65.03,4
2008-01-02 14:33:31.454999808,65.01,1,65.03,4
2008-01-02 14:33:31.849999872,64.97,1,65.03,4
2008-01-02 14:33:32.209000192,64.97,3,65.03,4
2008-01-02 14:33:35.423999744,64.97,3,65.05,5
2008-01-02 14:33:35.423999744,65.0,6,65.05,5
2008-01-02 14:33:37.280000768,65.0,8,65.05,5
2008-01-02 14:33:38.205999872,65.0,6,65.05,5
2008-01-02 14:33:41.420000000,65.0,6,65.07,6
2008-01-02 14:33:41.732999936,65.0,6,65.06,1
2008-01-02 14:33:41.924999936,65.0,6,65.07,6
2008-01-02 14:33:42.036000000,65.0,8,65.07,6
2008-01-02 14:33:42.045000192,65.0,10,65.07,6
2008-01-02 14:33:42.112999936,65.05,1,65.07,6
2008-01-02 14:33:43.870001152,65.05,4,65.07,6
2008-01-02 14:33:44.016000256,65.05,4,65.07,4
2008-01-02 14:33:44.820999936,65.05,4,65.07,2
2008-01-02 14:33:45.264000000,65.06,1,65.07,2
2008-01-02 14:33:45.438000128,65.05,4,65.07,2
2008-01-02 14:33:46.084999936,65.07,1,65.09,3
2008-01-02 14:33:46.093999616,65.05,3,65.09,3
2008-01-02 14:33:46.518999808,65.06,6,65.09,3
2008-01-02 14:33:47.499000320,65.06,6,65.09,1
2008-01-02 14:33:47.947000064,65.09,1,65.1,5
2008-01-02 14:33:48.244999936,65.06,6,65.1,5
2008-01-02 14:33:48.581999616,65.06,6,65.1,1
2008-01-02 14:33:48.643999488,65.07,1,65.1,1
2008-01-02 14:33:48.816000000,65.07,1,65.11,4
2008-01-02 14:33:50.414999808,65.07,1,65.11,19
2008-01-02 14:33:50.858000128,65.07,1,65.11,18
2008-01-02 14:33:51.625999104,65.07,1,65.11,16
2008-01-02 14:33:51.952998912,65.07,1,65.11,15
2008-01-02 14:33:53.047000064,65.06,6,65.11,15
2008-01-02 14:33:53.733000704,65.06,6,65.11,20
2008-01-02 14:33:54.176999936,65.06,7,65.11,20
2008-01-02 14:33:56.695000064,65.06,7,65.17,37
2008-01-02 14:33:56.695000064,65.08,2,65.17,37
2008-01-02 14:33:56.751000064,65.08,2,65.17,36
2008-01-02 14:33:56.937000448,65.08,2,65.18,3
2008-01-02 14:33:58.020000256,65.08,4,65.18,3
2008-01-02 14:34:00.710999808,65.08,4,65.15,1
2008-01-02 14:34:01.667000064,65.08,4,65.15,2
2008-01-02 14:34:01.749999872,65.08,4,65.15,1
2008-01-02 14:34:01.985000448,65.08,2,65.15,1
2008-01-02 14:34:02.301999872,65.08,4,65.15,1
2008-01-02 14:34:02.925999872,65.08,4,65.15,2
2008-01-02 14:34:03.115000064,65.08,2,65.15,2
2008-01-02 14:34:03.215000320,65.08,8,65.15,2
2008-01-02 14:34:03.215000320,65.08,8,65.15,1
2008-01-02 14:34:03.215999232,65.08,8,65.18,3
2008-01-02 14:34:03.525999872,65.08,10,65.18,3
2008-01-02 14:34:03.715000064,65.08,10,65.17,1
2008-01-02 14:34:03.715000064,65.08,10,65.16,2
2008-01-02 14:34:03.715000064,65.08,10,65.16,4
2008-01-02 14:34:03.715000064,65.08,8,65.16,4
2008-01-02 14:34:03.870000128,65.08,8,65.16,2
2008-01-02 14:34:03.870000128,65.08,8,65.17,1
2008-01-02 14:34:03.870000128,65.08,8,65.18,3
2008-01-02 14:34:03.870000128,65.1,2,65.18,3
2008-01-02 14:34:04.423999744,65.1,2,65.17,3
2008-01-02 14:34:04.523999744,65.1,3,65.17,3
2008-01-02 14:34:04.523999744,65.1,3,65.14,1
2008-01-02 14:34:05.040999936,65.1,3,65.17,3
2008-01-02 14:34:06.788000000,65.1,4,65.17,3
2008-01-02 14:34:06.788000000,65.1,3,65.17,3
2008-01-02 14:34:06.788000000,65.1,2,65.17,3
2008-01-02 14:34:07.037999872,65.14,1,65.17,3
2008-01-02 14:34:07.793999872,65.1,3,65.17,3
2008-01-02 14:34:08.061999872,65.1,3,65.15,2
2008-01-02 14:34:08.061999872,65.1,5,65.15,2
2008-01-02 14:34:08.204999680,65.1,3,65.15,2
2008-01-02 14:34:08.212999680,65.1,4,65.15,2
2008-01-02 14:34:08.212999680,65.1,3,65.15,2
2008-01-02 14:34:08.435000064,65.1,5,65.15,2
2008-01-02 14:34:08.710999808,65.1,5,65.15,1
2008-01-02 14:34:10.568999936,65.1,5,65.15,3
2008-01-02 14:34:10.791999744,65.1,5,65.14,3
2008-01-02 14:34:11.344999680,65.1,3,65.14,3
2008-01-02 14:34:11.658999808,65.1,3,65.15,3
2008-01-02 14:34:11.974999808,65.14,2,65.15,3
2008-01-02 14:34:12.942000128,65.1,3,65.15,3
2008-01-02 14:34:12.999000320,65.1,3,65.14,2
2008-01-02 14:34:13.364999936,65.1,3,65.15,3
2008-01-02 14:34:13.364999936,65.1,5,65.15,3
2008-01-02 14:34:13.549999872,65.1,3,65.15,3
2008-01-02 14:34:13.624999680,65.14,1,65.15,3
2008-01-02 14:34:14.170000896,65.13,3,65.15,3
2008-01-02 14:34:14.414000384,65.13,3,65.15,1
2008-01-02 14:34:14.830000128,65.15,1,65.17,3
2008-01-02 14:34:14.830000128,65.13,3,65.17,3
2008-01-02 14:34:15.904000512,65.13,3,65.18,3
2008-01-02 14:34:16.555999744,65.13,5,65.18,3
2008-01-02 14:34:16.848000512,65.13,5,65.18,1
2008-01-02 14:34:19.544999936,65.13,5,65.2,5
2008-01-02 14:34:21.762999808,65.13,5,65.2,10
2008-01-02 14:34:23.621999616,65.13,3,65.2,10
2008-01-02 14:34:25.874000128,65.13,5,65.2,10
2008-01-02 14:34:25.874000128,65.14,4,65.2,10
2008-01-02 14:34:26.292999424,65.14,4,65.2,13
2008-01-02 14:34:26.609999360,65.13,3,65.2,13
2008-01-02 14:34:26.820000000,65.14,8,65.2,13
2008-01-02 14:34:27.050999808,65.13,3,65.2,13
2008-01-02 14:34:27.754999808,65.13,11,65.2,13
2008-01-02 14:34:29.274000128,65.13,11,65.2,11
2008-01-02 14:34:29.651999744,65.13,11,65.19,4
2008-01-02 14:34:29.660999936,65.13,11,65.19,8
2008-01-02 14:34:29.785999872,65.13,13,65.19,8
2008-01-02 14:34:29.785999872,65.13,5,65.19,8
2008-01-02 14:34:29.794999552,65.13,5,65.19,12
2008-01-02 14:34:29.915999488,65.13,5,65.19,8
2008-01-02 14:34:29.916999680,65.13,5,65.19,4
2008-01-02 14:34:29.986999808,65.13,5,65.2,11
2008-01-02 14:34:30.153999872,65.14,3,65.2,11
2008-01-02 14:34:30.540999936,65.14,3,65.2,10
2008-01-02 14:34:30.552000512,65.14,5,65.2,10
2008-01-02 14:34:30.751000576,65.14,3,65.2,10
2008-01-02 14:34:30.956000256,65.14,6,65.2,10
2008-01-02 14:34:35.004000000,65.15,3,65.2,10
2008-01-02 14:34:35.970000128,65.15,2,65.2,10
2008-01-02 14:34:36.251000320,65.15,2,65.2,8
2008-01-02 14:34:36.431000064,65.15,2,65.2,11
2008-01-02 14:34:36.793000960,65.15,2,65.2,9
2008-01-02 14:34:39.946999552,65.16,3,65.2,9
2008-01-02 14:34:40.219000064,65.16,3,65.19,1
2008-01-02 14:34:41.245000448,65.16,3,65.19,2
2008-01-02 14:34:41.974000384,65.16,1,65.19,2
2008-01-02 14:34:43.427999488,65.16,1,65.19,2
2008-01-02 14:34:44.840000256,65.15,2,65.19,2
2008-01-02 14:34:44.840000256,65.16,1,65.19,2
2008-01-02 14:34:44.840000256,65.16,1,65.19,3
2008-01-02 14:34:44.840000256,65.16,1,65.19,8
2008-01-02 14:34:44.999999744,65.16,1,65.19,7
2008-01-02 14:34:45.178999552,65.16,1,65.19,8
2008-01-02 14:34:45.178999552,65.16,1,65.19,9
2008-01-02 14:34:45.178999552,65.16,1,65.19,10
2008-01-02 14:34:46.261000448,65.15,2,65.19,10
2008-01-02 14:34:46.378999808,65.15,2,65.19,8
2008-01-02 14:34:46.510999808,65.15,2,65.19,7
2008-01-02 14:34:46.510999808,65.15,2,65.19,5
2008-01-02 14:34:46.531000064,65.15,2,65.19,4
2008-01-02 14:34:46.531000064,65.15,2,65.19,3
2008-01-02 14:34:46.531000064,65.15,2,65.19,5
2008-01-02 14:34:46.616000000,65.15,4,65.19,5
2008-01-02 14:34:46.639999744,65.15,4,65.19,3
2008-01-02 14:34:46.639999744,65.15,4,65.19,2
2008-01-02 14:34:46.929000192,65.15,4,65.19,3
2008-01-02 14:34:46.939000576,65.15,4,65.19,2
2008-01-02 14:34:47.406000896,65.15,4,65.18,3
2008-01-02 14:34:47.555000064,65.15,2,65.18,3
2008-01-02 14:34:47.768999936,65.15,2,65.18,5
2008-01-02 14:34:47.968000000,65.15,2,65.18,8
2008-01-02 14:34:48.115000064,65.15,2,65.18,5
2008-01-02 14:34:48.127000064,65.15,2,65.18,3
2008-01-02 14:34:49.298000128,65.15,2,65.18,6
2008-01-02 14:34:49.387000064,65.14,1,65.18,6
2008-01-02 14:34:49.387000064,65.14,1,65.17,1
2008-01-02 14:34:49.924000000,65.14,1,65.17,3
2008-01-02 14:34:49.924000000,65.14,1,65.16,3
2008-01-02 14:34:50.856999936,65.14,1,65.17,2
2008-01-02 14:34:51.128999936,65.13,3,65.17,2
2008-01-02 14:34:52.036000000,65.14,1,65.17,2
2008-01-02 14:34:52.036000000,65.16,2,65.17,2
2008-01-02 14:34:52.335000064,65.17,6,65.19,2
2008-01-02 14:34:52.744000000,65.16,2,65.19,2
2008-01-02 14:34:53.945000704,65.17,6,65.19,2
2008-01-02 14:34:55.749999872,65.17,6,65.2,8
2008-01-02 14:34:55.749999872,65.16,2,65.17,22
2008-01-02 14:34:56.833000448,65.14,1,65.17,22
2008-01-02 14:34:57.059000064,65.14,1,65.17,21
2008-01-02 14:34:58.861999616,65.14,1,65.17,21
2008-01-02 14:34:59.259000064,65.13,3,65.17,21
2008-01-02 14:35:00.697000192,65.13,3,65.17,21
2008-01-02 14:35:00.954000128,65.13,3,65.17,22
2008-01-02 14:35:00.993000448,65.13,3,65.17,21
2008-01-02 14:35:01.244999936,65.13,3,65.17,25
2008-01-02 14:35:01.528000000,65.13,3,65.17,26
2008-01-02 14:35:01.528000000,65.13,3,65.17,28
2008-01-02 14:35:01.528000000,65.13,3,65.17,29
2008-01-02 14:35:01.643000064,65.13,3,65.16,1
2008-01-02 14:35:01.722999808,65.13,2,65.16,1
2008-01-02 14:35:02.623000064,65.13,2,65.17,30
2008-01-02 14:35:02.904000256,65.13,5,65.17,30
2008-01-02 14:35:02.994000384,65.13,5,65.16,1
2008-01-02 14:35:03.507000064,65.13,7,65.16,1
2008-01-02 14:35:03.547000576,65.13,7,65.17,30
2008-01-02 14:35:04.136999936,65.13,8,65.17,30
2008-01-02 14:35:04.388999424,65.13,7,65.17,30
2008-01-02 14:35:04.398000384,65.13,7,65.16,1
2008-01-02 14:35:04.525000192,65.13,5,65.16,1
2008-01-02 14:35:04.618999808,65.13,5,65.16,3
2008-01-02 14:35:04.620000000,65.13,5,65.16,4
2008-01-02 14:35:04.915000064,65.13,5,65.16,2
2008-01-02 14:35:04.915000064,65.13,5,65.16,1
2008-01-02 14:35:05.079000320,65.1,5,65.16,1
2008-01-02 14:35:05.448999936,65.1,5,65.15,1
2008-01-02 14:35:05.694000384,65.1,5,65.15,2
2008-01-02 14:35:05.915000320,65.1,5,65.15,3
2008-01-02 14:35:05.939000064,65.1,5,65.15,2
2008-01-02 14:35:06.164000000,65.1,5,65.15,3
2008-01-02 14:35:06.514000640,65.1,5,65.15,2
2008-01-02 14:35:06.514000640,65.1,5,65.15,3
2008-01-02 14:35:06.626000896,65.1,5,65.15,4
2008-01-02 14:35:07.013999872,65.1,5,65.15,3
2008-01-02 14:35:07.024999680,65.1,5,65.15,2
2008-01-02 14:35:07.372999936,65.1,5,65.15,3
2008-01-02 14:35:07.525000192,65.1,5,65.15,2
2008-01-02 14:35:07.654999808,65.1,5,65.15,3
2008-01-02 14:35:07.827000064,65.1,5,65.14,1
2008-01-02 14:35:08.204999936,65.1,5,65.12,1
2008-01-02 14:35:08.360000000,65.1,5,65.12,2
2008-01-02 14:35:08.495000320,65.1,5,65.12,1
2008-01-02 14:35:08.495000320,65.1,3,65.12,1
2008-01-02 14:35:08.495000320,65.1,3,65.14,1
2008-01-02 14:35:08.805999872,65.04,38,65.14,1
2008-01-02 14:35:09.006000128,65.05,5,65.14,1
2008-01-02 14:35:09.314000384,65.05,7,65.14,1
2008-01-02 14:35:10.189000192,65.05,7,65.12,1
2008-01-02 14:35:10.253999872,65.05,7,65.12,2
2008-01-02 14:35:10.253999872,65.05,7,65.12,3
2008-01-02 14:35:10.253999872,65.05,7,65.12,4
2008-01-02 14:35:10.499000320,65.05,7,65.12,5
2008-01-02 14:35:10.499000320,65.05,7,65.12,4
2008-01-02 14:35:10.499000320,65.05,7,65.12,3
2008-01-02 14:35:10.609000192,65.05,7,65.12,2
2008-01-02 14:35:10.629999872,65.05,7,65.12,1
2008-01-02 14:35:10.705999616,65.05,7,65.12,3
2008-01-02 14:35:10.794000384,65.05,5,65.12,3
2008-01-02 14:35:11.053000448,65.05,7,65.12,3
2008-01-02 14:35:11.143000064,65.05,5,65.12,3
2008-01-02 14:35:11.841000448,65.05,5,65.12,4
2008-01-02 14:35:11.841000448,65.05,5,65.12,5
2008-01-02 14:35:12.072999680,65.05,5,65.12,4
2008-01-02 14:35:12.149000704,65.05,5,65.12,3
2008-01-02 14:35:12.593999872,65.05,5,65.12,4
2008-01-02 14:35:12.617999616,65.05,5,65.12,5
2008-01-02 14:35:12.868999680,65.05,5,65.12,6
2008-01-02 14:35:12.939999744,65.05,7,65.12,6
2008-01-02 14:35:13.023999744,65.05,5,65.12,6
2008-01-02 14:35:13.023999744,65.05,5,65.12,5
2008-01-02 14:35:13.097999872,65.05,5,65.12,4
2008-01-02 14:35:13.344000256,65.05,7,65.12,4
2008-01-02 14:35:13.344000256,65.05,5,65.12,4
2008-01-02 14:35:13.529999872,64.97,10,65.12,4
2008-01-02 14:35:13.809000448,65.0,5,65.12,4
2008-01-02 14:35:13.823000320,65.0,5,65.1,1
2008-01-02 14:35:13.823000320,65.0,5,65.1,2
2008-01-02 14:35:13.823000320,65.0,5,65.1,3
2008-01-02 14:35:13.823000320,65.0,5,65.1,4
2008-01-02 14:35:14.202999808,65.0,7,65.1,4
2008-01-02 14:35:14.547999488,65.0,7,65.1,3
2008-01-02 14:35:14.628999424,65.0,7,65.1,2
2008-01-02 14:35:16.544999936,65.01,1,65.1,2
2008-01-02 14:35:16.624999936,65.01,1,65.09,1
2008-01-02 14:35:16.624999936,65.01,1,65.09,2
2008-01-02 14:35:16.624999936,65.01,1,65.09,3
2008-01-02 14:35:16.748000000,65.01,1,65.08,1
2008-01-02 14:35:16.805999872,65.01,1,65.08,3
2008-01-02 14:35:16.805999872,65.0,7,65.08,3
2008-01-02 14:35:16.919000320,65.0,5,65.08,3
2008-01-02 14:35:16.919000320,65.01,2,65.08,3
2008-01-02 14:35:16.925000192,65.0,5,65.08,3
2008-01-02 14:35:17.058999808,65.0,5,65.07,1
2008-01-02 14:35:17.068999424,65.0,4,65.07,1
2008-01-02 14:35:17.184999936,65.0,3,65.07,1
2008-01-02 14:35:17.184999936,65.0,5,65.07,1
2008-01-02 14:35:17.184999936,65.0,5,65.05,1
2008-01-02 14:35:17.184999936,65.0,5,65.05,2
2008-01-02 14:35:17.339000320,65.0,3,65.05,2
2008-01-02 14:35:17.440999424,65.0,2,65.05,2
2008-01-02 14:35:17.576000000,65.0,2,65.05,4
2008-01-02 14:35:17.584999680,65.0,2,65.05,6
2008-01-02 14:35:17.584999680,65.0,2,65.05,7
2008-01-02 14:35:17.597999872,65.0,2,65.05,11
2008-01-02 14:35:17.728999680,65.0,2,65.05,9
2008-01-02 14:35:17.850999552,65.0,2,65.05,10
2008-01-02 14:35:17.862000384,65.0,2,65.03,1
2008-01-02 14:35:18.937999616,65.0,1,65.03,1
2008-01-02 14:35:19.288000256,65.0,1,65.01,1
2008-01-02 14:35:19.862000128,65.0,1,65.07,7
2008-01-02 14:35:19.937000448,65.0,2,65.07,7
2008-01-02 14:35:20.048999936,65.0,2,65.03,1
2008-01-02 14:35:20.049999616,65.0,2,65.07,7
2008-01-02 14:35:20.049999616,65.0,2,65.07,5
2008-01-02 14:35:20.049999616,65.0,2,65.07,2
2008-01-02 14:35:20.049999616,65.0,2,65.08,2
2008-01-02 14:35:20.049999616,64.95,6,65.08,2
2008-01-02 14:35:20.049999616,65.0,1,65.08,2
2008-01-02 14:35:20.348000000,65.01,2,65.08,2
2008-01-02 14:35:20.348000000,65.0,1,65.08,2
2008-01-02 14:35:20.424999936,65.0,3,65.08,2
2008-01-02 14:35:20.514000128,65.0,1,65.08,2
2008-01-02 14:35:20.633999872,65.0,5,65.08,2
2008-01-02 14:35:20.696999936,65.0,5,65.05,1
2008-01-02 14:35:20.696999936,65.0,4,65.05,1
2008-01-02 14:35:20.727999488,65.02,1,65.05,1
2008-01-02 14:35:20.727999488,65.02,1,65.08,2
2008-01-02 14:35:20.766999296,65.02,1,65.09,20
2008-01-02 14:35:20.932999936,65.0,4,65.09,20
2008-01-02 14:35:20.932999936,65.04,1,65.09,20
2008-01-02 14:35:21.027000320,65.0,4,65.09,20
2008-01-02 14:35:21.094999808,65.0,4,65.1,5
2008-01-02 14:35:21.094999808,65.0,4,65.09,4
2008-01-02 14:35:21.101999872,65.0,4,65.09,6
2008-01-02 14:35:21.101999872,65.0,4,65.08,1
2008-01-02 14:35:21.215000320,65.01,1,65.08,1
2008-01-02 14:35:21.215000320,65.01,1,65.08,2
2008-01-02 14:35:21.272000000,65.01,1,65.08,3
2008-01-02 14:35:21.272000000,64.95,2,65.08,3
2008-01-02 14:35:21.300000256,64.95,2,65.04,1
2008-01-02 14:35:21.300000256,64.95,10,65.04,1
2008-01-02 14:35:21.300000256,64.95,2,65.04,1
2008-01-02 14:35:21.300000256,65.03,1,65.04,1
2008-01-02 14:35:21.631999744,65.03,1,65.08,1
2008-01-02 14:35:21.698999808,65.03,1,65.04,4
2008-01-02 14:35:21.753999872,65.0,5,65.04,4
2008-01-02 14:35:21.753999872,65.0,7,65.04,4
2008-01-02 14:35:21.763000064,65.0,5,65.04,4
2008-01-02 14:35:22.063000320,65.01,1,65.04,4
2008-01-02 14:35:22.074000384,65.0,5,65.04,4
2008-01-02 14:35:22.074000384,65.03,1,65.04,4
2008-01-02 14:35:22.095000064,65.0,5,65.04,4
2008-01-02 14:35:22.095000064,65.01,1,65.04,4
2008-01-02 14:35:22.329999872,65.0,5,65.04,4
2008-01-02 14:35:22.329999872,65.03,1,65.04,4
2008-01-02 14:35:22.483000320,65.0,5,65.04,4
2008-01-02 14:35:22.578000128,65.0,5,65.04,5
2008-01-02 14:35:22.624000512,64.98,1,65.04,5
2008-01-02 14:35:22.624000512,64.96,2,65.04,5
2008-01-02 14:35:22.624000512,64.96,2,65.04,4
2008-01-02 14:35:22.624000512,64.96,2,65.03,1
2008-01-02 14:35:22.624000512,64.96,1,65.03,1
2008-01-02 14:35:22.888000256,64.95,2,65.03,1
2008-01-02 14:35:22.888000256,65.01,1,65.03,1
2008-01-02 14:35:22.904999936,64.95,2,65.03,1
2008-01-02 14:35:22.904999936,65.0,1,65.03,1
2008-01-02 14:35:22.999000320,64.95,2,65.03,1
2008-01-02 14:35:22.999000320,64.95,2,65.03,2
2008-01-02 14:35:22.999000320,64.96,2,65.03,2
2008-01-02 14:35:23.043999744,64.96,4,65.03,2
2008-01-02 14:35:23.043999744,64.96,2,65.03,2
2008-01-02 14:35:23.142999808,64.96,3,65.03,2
2008-01-02 14:35:23.142999808,64.96,3,65.03,1
2008-01-02 14:35:23.142999808,64.96,1,65.03,1
2008-01-02 14:35:23.187999744,65.0,1,65.03,1
2008-01-02 14:35:23.589999872,64.96,3,65.03,1
2008-01-02 14:35:23.614999808,64.96,1,65.03,1
2008-01-02 14:35:24.044000000,64.95,7,65.03,1
2008-01-02 14:35:24.044000000,64.96,2,65.03,1
2008-01-02 14:35:24.044000000,64.98,1,65.03,1
2008-01-02 14:35:24.374000384,64.96,2,65.03,1
2008-01-02 14:35:24.374000384,64.96,3,65.03,1
2008-01-02 14:35:24.375000064,64.96,1,65.03,1
2008-01-02 14:35:24.384000768,64.99,1,65.03,1
2008-01-02 14:35:24.384000768,64.99,2,65.03,1
2008-01-02 14:35:27.728999936,64.96,1,65.03,1
2008-01-02 14:35:27.965000192,64.99,2,65.03,1
2008-01-02 14:35:28.236999936,64.99,3,65.03,1
2008-01-02 14:35:29.548999936,64.99,1,65.03,1
2008-01-02 14:35:30.044999680,64.98,1,65.03,1
2008-01-02 14:35:30.266999808,64.98,1,65.01,1
2008-01-02 14:35:30.342999552,64.95,7,65.01,1
2008-01-02 14:35:30.345999616,64.95,7,64.99,1
2008-01-02 14:35:30.345999616,64.95,7,65.01,1
2008-01-02 14:35:30.455999488,64.95,7,65.03,1
2008-01-02 14:35:30.499999488,64.95,7,65.03,5
2008-01-02 14:35:30.508999680,64.95,7,65.03,1
2008-01-02 14:35:30.682999808,64.95,9,65.03,1
2008-01-02 14:35:30.829999872,64.96,7,65.03,1
2008-01-02 14:35:31.040000256,64.96,9,65.03,1
2008-01-02 14:35:31.429000192,64.96,11,65.03,1
2008-01-02 14:35:31.716999680,64.96,11,65.02,1
2008-01-02 14:35:31.812999680,64.96,9,65.02,1
2008-01-02 14:35:31.816000000,64.96,9,65.03,1
2008-01-02 14:35:31.816000000,64.96,2,65.03,1
2008-01-02 14:35:32.120999936,64.96,2,65.02,1
2008-01-02 14:35:32.243000064,64.96,2,65.03,1
2008-01-02 14:35:32.409000192,64.96,2,65.0,1
2008-01-02 14:35:32.704000000,64.96,2,65.03,1
2008-01-02 14:35:33.098999552,64.96,4,65.03,1
2008-01-02 14:35:33.243999744,64.96,4,65.0,32
2008-01-02 14:35:33.307999488,64.96,2,65.0,32
2008-01-02 14:35:33.308999680,64.95,7,65.0,32
2008-01-02 14:35:33.308999680,64.95,7,64.99,1
2008-01-02 14:35:33.373999872,64.95,7,65.0,32
2008-01-02 14:35:33.664000512,64.95,7,64.99,1
2008-01-02 14:35:33.829999872,64.95,7,65.0,30
2008-01-02 14:35:34.042999808,64.95,9,65.0,30
2008-01-02 14:35:34.164999680,64.95,7,65.0,30
2008-01-02 14:35:34.410000128,64.96,1,65.0,30
2008-01-02 14:35:34.410000128,64.95,7,65.0,30
2008-01-02 14:35:34.643000320,64.95,8,65.0,30
2008-01-02 14:35:34.753999616,64.95,7,65.0,30
2008-01-02 14:35:34.753999616,64.95,8,65.0,30
2008-01-02 14:35:35.753000448,64.95,8,65.0,35
2008-01-02 14:35:36.637999872,64.95,5,65.0,35
2008-01-02 14:35:36.919000064,64.96,1,65.0,35
2008-01-02 14:35:36.919000064,64.99,12,65.0,35
2008-01-02 14:35:37.017999872,64.99,12,65.0,38
2008-01-02 14:35:37.079000832,64.99,9,65.0,38
2008-01-02 14:35:37.808999680,64.99,8,65.0,38
2008-01-02 14:35:38.648000000,64.99,2,65.0,38
2008-01-02 14:35:38.808000512,64.99,4,65.0,38
2008-01-02 14:35:38.884000256,64.98,1,65.0,38
2008-01-02 14:35:39.031000064,64.95,5,65.0,38
2008-01-02 14:35:39.039999744,64.95,6,65.0,38
2008-01-02 14:35:40.316000000,64.99,4,65.0,38
2008-01-02 14:35:40.492999936,64.99,3,65.0,38
2008-01-02 14:35:40.654999808,64.99,1,65.0,38
2008-01-02 14:35:40.672999936,64.95,6,65.0,38
2008-01-02 14:35:40.672999936,64.95,2,65.0,38
2008-01-02 14:35:40.764000256,64.95,2,64.99,2
2008-01-02 14:35:40.764000256,64.95,2,64.99,3
2008-01-02 14:35:40.948000256,64.95,2,64.99,2
2008-01-02 14:35:41.029000192,64.95,2,64.97,1
2008-01-02 14:35:43.226000384,64.95,2,64.97,1
2008-01-02 14:35:44.460000768,64.95,3,64.97,1
2008-01-02 14:35:44.541000192,64.95,4,64.97,1
2008-01-02 14:35:44.677000192,64.95,4,64.99,2
2008-01-02 14:35:44.905000192,64.95,5,64.99,2
2008-01-02 14:35:48.276000000,64.96,1,64.99,2
2008-01-02 14:35:48.529999872,64.96,1,65.0,28
2008-01-02 14:35:48.668000256,64.95,3,65.0,28
2008-01-02 14:35:50.097999616,64.95,2,65.0,28
2008-01-02 14:35:50.384000000,64.9,9,65.0,28
2008-01-02 14:35:50.756000000,64.91,1,65.0,28
2008-01-02 14:35:50.777999872,64.91,3,65.0,28
2008-01-02 14:35:50.828999936,64.91,2,65.0,28
2008-01-02 14:35:50.924000256,64.93,1,65.0,28
2008-01-02 14:35:50.924000256,64.93,1,65.0,23
2008-01-02 14:35:51.056000256,64.9,7,65.0,23
2008-01-02 14:35:51.080000000,64.91,1,65.0,23
2008-01-02 14:35:51.080000000,64.91,2,65.0,23
2008-01-02 14:35:51.285999872,64.94,1,65.0,23
2008-01-02 14:35:55.289999616,64.98,3,65.0,23
2008-01-02 14:35:55.289999616,64.98,2,65.0,23
2008-01-02 14:35:55.561999360,64.96,1,65.0,23
2008-01-02 14:35:56.715000064,64.96,1,65.0,21
2008-01-02 14:35:57.334000128,64.96,1,65.0,16
2008-01-02 14:35:57.836000256,64.96,2,65.0,16
2008-01-02 14:36:00.978001152,64.92,8,65.0,16
2008-01-02 14:36:00.978001152,64.92,8,64.99,2
2008-01-02 14:36:01.048000000,64.92,7,64.99,2
2008-01-02 14:36:01.048000000,64.93,4,64.99,2
2008-01-02 14:36:01.048000000,64.92,7,64.99,2
2008-01-02 14:36:01.126000128,64.92,3,64.99,2
2008-01-02 14:36:01.126000128,64.9,49,64.99,2
2008-01-02 14:36:01.270999552,64.9,11,64.99,2
2008-01-02 14:36:01.289000192,64.91,4,64.99,2
2008-01-02 14:36:01.289000192,64.91,4,64.99,3
2008-01-02 14:36:01.370000128,64.92,1,64.99,3
2008-01-02 14:36:01.432999680,64.92,1,64.99,2
2008-01-02 14:36:01.658999808,64.92,1,64.96,1
2008-01-02 14:36:01.658999808,64.92,1,64.99,2
2008-01-02 14:36:01.658999808,64.9,10,64.99,2
2008-01-02 14:36:01.658999808,64.9,9,64.99,2
2008-01-02 14:36:01.658999808,64.9,9,64.99,6
2008-01-02 14:36:01.658999808,64.91,1,64.99,6
2008-01-02 14:36:01.658999808,64.9,9,64.99,6
2008-01-02 14:36:01.658999808,64.9,9,64.99,7
2008-01-02 14:36:01.867999744,64.9,7,64.99,7
2008-01-02 14:36:01.882999808,64.92,6,64.99,7
2008-01-02 14:36:01.882999808,64.92,6,64.99,9
2008-01-02 14:36:02.034000896,64.92,7,64.99,9
2008-01-02 14:36:02.040000000,64.92,8,64.99,9
2008-01-02 14:36:02.117999616,64.92,7,64.99,9
2008-01-02 14:36:02.250000128,64.92,7,64.99,8
2008-01-02 14:36:02.250000128,64.92,7,64.97,1
2008-01-02 14:36:02.465000192,64.92,1,64.97,1
2008-01-02 14:36:02.528999936,64.92,1,64.95,1
2008-01-02 14:36:02.775000320,64.92,1,64.93,1
2008-01-02 14:36:04.068000256,64.9,3,64.93,1
2008-01-02 14:36:04.370999808,64.9,3,64.98,2
2008-01-02 14:36:04.370999808,64.9,3,64.98,4
2008-01-02 14:36:04.458999808,64.9,4,64.98,4
2008-01-02 14:36:04.458999808,64.9,4,64.98,2
2008-01-02 14:36:04.458999808,64.93,1,64.98,2
2008-01-02 14:36:04.458999808,64.93,6,64.98,2
2008-01-02 14:36:04.724000256,64.93,6,64.97,1
2008-01-02 14:36:04.796000000,64.93,6,64.98,2
2008-01-02 14:36:05.291999744,64.93,6,64.95,4
2008-01-02 14:36:05.294999552,64.93,6,64.98,2
2008-01-02 14:36:05.294999552,64.93,6,64.99,9
2008-01-02 14:36:05.384000256,64.93,6,64.99,8
2008-01-02 14:36:05.457999872,64.93,6,64.99,6
2008-01-02 14:36:05.457999872,64.95,1,64.99,6
2008-01-02 14:36:05.704999936,64.93,6,64.99,6
2008-01-02 14:36:06.178999552,64.93,6,64.98,1
2008-01-02 14:36:06.956000000,64.93,7,64.98,1
2008-01-02 14:36:06.959998976,64.96,11,64.98,1
2008-01-02 14:36:06.960999680,64.96,11,64.99,6
2008-01-02 14:36:07.388999168,64.96,12,64.99,6
2008-01-02 14:36:07.460000000,64.96,11,64.99,6
2008-01-02 14:36:07.660000256,64.96,11,64.98,1
2008-01-02 14:36:08.140999936,64.96,12,64.98,1
2008-01-02 14:36:08.440999424,64.96,13,64.98,1
2008-01-02 14:36:08.476999936,64.97,1,64.98,1
2008-01-02 14:36:08.681999616,64.97,1,64.99,6
2008-01-02 14:36:08.764000000,64.98,5,64.99,6
2008-01-02 14:36:09.086000128,64.98,4,64.99,6
2008-01-02 14:36:09.086000128,64.97,1,64.99,6
2008-01-02 14:36:09.156999680,64.96,13,64.99,6
2008-01-02 14:36:09.156999680,64.98,1,64.99,6
2008-01-02 14:36:09.156999680,64.96,13,64.99,6
2008-01-02 14:36:09.245999872,64.96,12,64.99,6
2008-01-02 14:36:09.387000064,64.98,1,64.99,6
2008-01-02 14:36:09.496999936,64.96,12,64.99,6
2008-01-02 14:36:09.496999936,64.97,1,64.99,6
2008-01-02 14:36:09.496999936,64.96,12,64.99,6
2008-01-02 14:36:09.739999744,64.96,13,64.99,6
2008-01-02 14:36:09.746999808,64.96,12,64.99,6
2008-01-02 14:36:09.860000256,64.96,12,64.99,7
2008-01-02 14:36:10.077000192,64.97,1,64.99,7
2008-01-02 14:36:10.344000256,64.96,12,64.99,7
2008-01-02 14:36:10.648000768,64.97,1,64.99,7
2008-01-02 14:36:10.735000320,64.97,2,64.99,7
2008-01-02 14:36:10.792000000,64.97,4,64.99,7
2008-01-02 14:36:10.969000192,64.97,3,64.99,7
2008-01-02 14:36:12.584000256,64.97,3,64.99,5
2008-01-02 14:36:13.792000256,64.96,12,64.99,5
2008-01-02 14:36:14.014999808,64.97,1,64.99,5
2008-01-02 14:36:14.068999680,64.97,1,65.0,16
2008-01-02 14:36:14.400000256,64.96,12,65.0,16
2008-01-02 14:36:14.573000192,64.96,13,65.0,16
2008-01-02 14:36:14.654999552,64.96,12,65.0,16
2008-01-02 14:36:14.819000064,64.97,1,65.0,16
2008-01-02 14:36:15.527000064,64.96,12,65.0,16
2008-01-02 14:36:15.719000064,64.97,1,65.0,16
2008-01-02 14:36:16.020000512,64.96,12,65.0,16
2008-01-02 14:36:16.225000448,64.96,13,65.0,16
2008-01-02 14:36:17.276000512,64.93,1,65.0,16
2008-01-02 14:36:17.522999808,64.93,1,64.99,1
2008-01-02 14:36:17.528999680,64.93,1,64.97,1
2008-01-02 14:36:17.533999872,64.93,5,64.97,1
2008-01-02 14:36:17.634000640,64.93,6,64.97,1
2008-01-02 14:36:17.646999040,64.93,5,64.97,1
2008-01-02 14:36:17.738999552,64.93,5,64.95,1
2008-01-02 14:36:17.738999552,64.93,5,64.99,2
2008-01-02 14:36:17.738999552,64.93,5,65.0,16
2008-01-02 14:36:17.915999744,64.93,1,65.0,16
2008-01-02 14:36:17.915999744,64.94,2,65.0,16
2008-01-02 14:36:17.915999744,64.93,1,65.0,16
2008-01-02 14:36:17.915999744,64.93,3,65.0,16
2008-01-02 14:36:17.934000128,64.93,4,65.0,16
2008-01-02 14:36:18.140000256,64.94,1,65.0,16
2008-01-02 14:36:18.484000256,64.94,2,65.0,16
2008-01-02 14:36:18.727999744,64.94,1,65.0,16
2008-01-02 14:36:18.753000448,64.99,13,65.0,16
2008-01-02 14:36:19.096000512,64.99,13,65.0,12
2008-01-02 14:36:19.385000704,64.99,13,65.0,1
2008-01-02 14:36:21.760999936,64.99,13,65.01,4
2008-01-02 14:36:21.760999936,64.94,1,65.01,4
2008-01-02 14:36:21.764000512,65.0,5,65.01,4
2008-01-02 14:36:21.770000128,65.0,5,65.05,7
2008-01-02 14:36:21.770000128,64.99,3,65.05,7
2008-01-02 14:36:21.770000128,65.0,1,65.05,7
2008-01-02 14:36:21.770999808,65.0,3,65.05,7
2008-01-02 14:36:21.770999808,65.0,2,65.05,7
2008-01-02 14:36:21.770999808,65.0,2,65.05,3
2008-01-02 14:36:21.983000064,65.02,7,65.05,3
2008-01-02 14:36:21.983000064,65.02,7,65.05,2
2008-01-02 14:36:21.983000064,65.02,9,65.05,2
2008-01-02 14:36:21.983000064,65.02,10,65.05,2
2008-01-02 14:36:21.984000256,65.02,10,65.05,1
2008-01-02 14:36:22.033999872,65.02,10,65.04,1
2008-01-02 14:36:22.256999680,65.02,10,65.05,1
2008-01-02 14:36:22.684999680,65.02,11,65.05,1
2008-01-02 14:36:23.684999936,65.02,9,65.05,1
2008-01-02 14:36:23.750999808,65.02,8,65.05,1
2008-01-02 14:36:24.938999552,65.03,2,65.05,1
2008-01-02 14:36:25.256999680,65.03,1,65.05,1
2008-01-02 14:36:25.322000128,65.02,8,65.05,1
2008-01-02 14:36:25.535000576,65.02,8,65.04,1
2008-01-02 14:36:25.735999744,65.02,8,65.03,1
2008-01-02 14:36:26.245999872,65.02,5,65.03,1
2008-01-02 14:36:26.630000128,65.02,7,65.03,1
2008-01-02 14:36:26.864000512,65.0,5,65.03,1
2008-01-02 14:36:27.130999552,65.0,5,65.02,1
2008-01-02 14:36:28.111000064,65.0,4,65.02,1
2008-01-02 14:36:30.779999488,65.0,4,65.02,2
2008-01-02 14:36:31.558000384,64.94,39,65.02,2
2008-01-02 14:36:31.558000384,64.94,39,65.03,1
2008-01-02 14:36:31.595000320,64.94,39,65.0,1
2008-01-02 14:36:31.826000128,64.94,39,65.0,2
2008-01-02 14:36:31.826000128,64.94,40,65.0,2
2008-01-02 14:36:31.849999872,64.95,5,65.0,2
2008-01-02 14:36:31.849999872,64.99,1,65.0,2
2008-01-02 14:36:31.864999936,64.95,5,65.0,2
2008-01-02 14:36:31.864999936,64.95,5,65.0,1
2008-01-02 14:36:31.864999936,64.95,7,65.0,1
2008-01-02 14:36:31.867999744,64.95,8,65.0,1
2008-01-02 14:36:31.908999936,64.95,8,65.03,1
2008-01-02 14:36:32.023000320,65.0,1,65.03,1
2008-01-02 14:36:32.023000320,65.0,1,65.03,3
2008-01-02 14:36:32.177000192,65.0,1,65.03,2
2008-01-02 14:36:32.375000064,64.95,7,65.03,2
2008-01-02 14:36:32.510000640,64.95,5,65.03,2
2008-01-02 14:36:32.510000640,64.95,7,65.03,2
2008-01-02 14:36:32.600000256,64.95,5,65.03,2
2008-01-02 14:36:32.847000064,64.95,5,65.01,1
2008-01-02 14:36:32.847000064,64.95,5,65.01,2
2008-01-02 14:36:32.968999680,64.95,5,65.01,3
2008-01-02 14:36:33.036999936,64.95,5,65.01,2
2008-01-02 14:36:33.069000448,64.95,5,64.99,1
2008-01-02 14:36:33.146999808,64.95,4,64.99,1
2008-01-02 14:36:33.524000000,64.95,4,65.02,4
2008-01-02 14:36:33.525000192,64.95,4,65.0,2
2008-01-02 14:36:33.525000192,64.95,4,64.97,1
2008-01-02 14:36:34.539999744,64.9,2,64.97,1
2008-01-02 14:36:34.874000896,64.9,2,65.0,2
2008-01-02 14:36:34.948000256,64.9,7,65.0,2
2008-01-02 14:36:34.948000256,64.9,7,65.0,3
2008-01-02 14:36:34.956000256,64.9,7,64.99,1
2008-01-02 14:36:34.956000256,64.9,7,65.0,3
2008-01-02 14:36:35.035001344,64.9,7,64.96,1
2008-01-02 14:36:35.364000256,64.9,7,64.96,3
2008-01-02 14:36:35.469000448,64.9,7,64.96,2
2008-01-02 14:36:35.656000256,64.9,7,65.0,1
2008-01-02 14:36:35.656000256,64.94,1,65.0,1
2008-01-02 14:36:35.775000576,64.94,1,65.03,1
2008-01-02 14:36:35.839000064,64.96,8,65.03,1
2008-01-02 14:36:35.839000064,64.96,7,65.03,1
2008-01-02 14:36:35.839000064,64.96,5,65.03,1
2008-01-02 14:36:35.894000128,64.96,4,65.03,1
2008-01-02 14:36:35.988001024,64.96,4,65.03,5
2008-01-02 14:36:35.988001024,64.96,4,65.0,5
2008-01-02 14:36:36.020000768,64.96,4,64.99,2
2008-01-02 14:36:36.020000768,64.96,3,64.99,2
2008-01-02 14:36:36.020000768,64.96,3,64.99,4
2008-01-02 14:36:36.388000256,64.96,3,64.99,2
2008-01-02 14:36:36.414000128,64.96,1,64.99,2
2008-01-02 14:36:36.924999936,64.9,7,64.99,2
2008-01-02 14:36:36.996999680,64.92,1,64.99,2
2008-01-02 14:36:36.998000384,64.92,1,65.0,5
2008-01-02 14:36:37.195000064,64.94,1,65.0,5
2008-01-02 14:36:37.195000064,64.98,1,65.0,5
2008-01-02 14:36:37.329000448,64.94,1,65.0,5
2008-01-02 14:36:37.556000000,64.94,1,64.99,1
2008-01-02 14:36:37.561999872,64.93,4,64.99,1
2008-01-02 14:36:37.561999872,64.92,2,64.99,1
2008-01-02 14:36:37.561999872,64.92,1,64.99,1
2008-01-02 14:36:37.561999872,64.9,7,64.99,1
2008-01-02 14:36:37.777000192,64.9,7,64.99,3
2008-01-02 14:36:37.896999936,64.9,7,64.99,1
2008-01-02 14:36:37.973000192,64.9,7,64.98,2
2008-01-02 14:36:38.108999424,64.9,8,64.98,2
2008-01-02 14:36:38.121999872,64.9,9,64.98,2
2008-01-02 14:36:38.152999424,64.9,8,64.98,2
2008-01-02 14:36:38.576999424,64.9,9,64.98,2
2008-01-02 14:36:38.743999744,64.9,8,64.98,2
2008-01-02 14:36:39.715000064,64.9,9,64.98,2
2008-01-02 14:36:39.899000576,64.9,8,64.98,2
2008-01-02 14:36:40.072999424,64.9,7,64.98,2
2008-01-02 14:36:40.220999680,64.9,8,64.98,2
2008-01-02 14:36:41.840999936,64.9,8,64.97,1
2008-01-02 14:36:42.118000128,64.9,7,64.97,1
2008-01-02 14:36:42.361000192,64.9,7,64.98,2
2008-01-02 14:36:42.421000192,64.9,7,64.95,1
2008-01-02 14:36:42.578000128,64.9,7,64.98,2
2008-01-02 14:36:42.705999872,64.9,8,64.98,2
2008-01-02 14:36:42.762999552,64.9,7,64.98,2
2008-01-02 14:36:43.071000576,64.9,8,64.98,2
2008-01-02 14:36:44.111000576,64.9,8,64.98,2
2008-01-02 14:36:44.359000320,64.9,8,64.96,1
2008-01-02 14:36:44.426999808,64.9,7,64.96,1
2008-01-02 14:36:44.426999808,64.9,7,64.94,1
2008-01-02 14:36:44.426999808,64.9,7,64.98,2
2008-01-02 14:36:44.539000064,64.9,8,64.98,2
2008-01-02 14:36:44.704000000,64.9,8,64.97,1
2008-01-02 14:36:44.767000064,64.92,2,64.97,1
2008-01-02 14:36:45.057001216,64.9,8,64.97,1
2008-01-02 14:36:45.202000128,64.9,7,64.97,1
2008-01-02 14:36:45.252999936,64.92,1,64.97,1
2008-01-02 14:36:45.477999872,64.92,1,64.95,1
2008-01-02 14:36:45.579000320,64.92,1,64.98,2
2008-01-02 14:36:45.741000192,64.92,1,64.93,1
2008-01-02 14:36:45.747000064,64.92,1,64.96,1
2008-01-02 14:36:46.493000192,64.92,1,64.96,1
2008-01-02 14:36:47.196000000,64.9,6,64.96,1
2008-01-02 14:36:47.196000000,64.9,6,64.94,1
2008-01-02 14:36:47.196000000,64.9,6,64.92,1
2008-01-02 14:36:47.196000000,64.9,6,64.92,2
2008-01-02 14:36:47.196000000,64.9,6,64.92,3
2008-01-02 14:36:47.196000000,64.9,6,64.92,2
2008-01-02 14:36:47.196000000,64.9,6,64.92,1
2008-01-02 14:36:47.196000000,64.9,6,64.94,1
2008-01-02 14:36:47.249999872,64.9,2,64.94,1
2008-01-02 14:36:47.249999872,64.9,2,64.94,1
2008-01-02 14:36:47.249999872,64.9,2,64.92,1
2008-01-02 14:36:47.249999872,64.9,2,64.91,1
2008-01-02 14:36:47.402000128,64.9,2,64.92,1
2008-01-02 14:36:47.458000128,64.9,2,64.92,2
2008-01-02 14:36:47.467000576,64.9,7,64.92,2
2008-01-02 14:36:47.467000576,64.9,7,64.92,1
2008-01-02 14:36:47.635999744,64.91,1,64.92,1
2008-01-02 14:36:47.999000576,64.9,7,64.92,1
2008-01-02 14:36:48.188000256,64.9,6,64.92,1
2008-01-02 14:36:48.528000512,64.9,5,64.92,1
2008-01-02 14:36:48.528000512,64.9,3,64.92,1
2008-01-02 14:36:48.528000512,64.9,2,64.92,1
2008-01-02 14:36:48.752001024,64.9,1,64.92,1
2008-01-02 14:36:50.677000448,64.9,1,64.92,1
2008-01-02 14:36:51.510999552,64.9,2,64.95,3
2008-01-02 14:36:51.510999552,64.9,3,64.95,3
2008-01-02 14:36:51.512000256,64.9,3,64.94,1
2008-01-02 14:36:51.512000256,64.86,1,64.94,1
2008-01-02 14:36:51.512000256,64.89,6,64.94,1
2008-01-02 14:36:51.512000256,64.89,6,64.95,3
2008-01-02 14:36:51.512000256,64.89,6,64.92,1
2008-01-02 14:36:51.512000256,64.89,6,64.9,3
2008-01-02 14:36:51.512000256,64.89,6,64.9,6
2008-01-02 14:36:51.512000256,64.89,6,64.9,7
2008-01-02 14:36:51.512000256,64.89,6,64.9,10
2008-01-02 14:36:51.512000256,64.89,6,64.9,7
2008-01-02 14:36:51.512000256,64.89,6,64.9,4
2008-01-02 14:36:51.512000256,64.89,6,64.9,1
2008-01-02 14:36:51.697000448,64.89,5,64.9,1
2008-01-02 14:36:51.757000704,64.89,5,64.91,1
2008-01-02 14:36:51.884000768,64.89,5,64.93,1
2008-01-02 14:36:51.884000768,64.89,5,64.92,1
2008-01-02 14:36:51.911000576,64.89,5,64.92,3
2008-01-02 14:36:51.969000192,64.89,3,64.92,3
2008-01-02 14:36:52.248999680,64.89,3,64.92,4
2008-01-02 14:36:52.248999680,64.89,3,64.91,1
2008-01-02 14:36:52.750999808,64.89,3,64.91,2
2008-01-02 14:36:52.972999936,64.89,1,64.91,2
2008-01-02 14:36:52.972999936,64.89,1,64.91,1
2008-01-02 14:36:53.026000128,64.85,5,64.91,1
2008-01-02 14:36:53.444999936,64.85,5,64.91,2
2008-01-02 14:36:53.462999808,64.78,10,64.91,2
2008-01-02 14:36:53.462999808,64.78,10,64.9,1
2008-01-02 14:36:53.718000128,64.79,4,64.9,1
2008-01-02 14:36:53.722000128,64.79,4,64.89,1
2008-01-02 14:36:53.722000128,64.79,4,64.89,2
2008-01-02 14:36:53.722000128,64.8,5,64.89,2
2008-01-02 14:36:53.722000128,64.8,4,64.89,2
2008-01-02 14:36:53.722000128,64.87,1,64.89,2
2008-01-02 14:36:53.893000448,64.8,4,64.87,1
2008-01-02 14:36:53.893000448,64.8,4,64.87,2
2008-01-02 14:36:53.995000064,64.8,4,64.87,1
2008-01-02 14:36:54.006000128,64.81,4,64.87,1
2008-01-02 14:36:54.078000384,64.8,4,64.87,1
2008-01-02 14:36:54.278000640,64.8,4,64.87,2
2008-01-02 14:36:54.347000576,64.81,1,64.87,2
2008-01-02 14:36:54.481000192,64.8,4,64.87,2
2008-01-02 14:36:54.561001216,64.8,4,64.86,1
2008-01-02 14:36:54.737000448,64.73,43,64.86,1
2008-01-02 14:36:54.737000448,64.73,43,64.87,1
2008-01-02 14:36:54.737000448,64.75,4,64.87,1
2008-01-02 14:36:54.750000128,64.75,4,64.86,1
2008-01-02 14:36:54.750000128,64.75,4,64.85,1
2008-01-02 14:36:54.750000128,64.79,1,64.85,1
2008-01-02 14:36:54.750000128,64.75,4,64.85,1
2008-01-02 14:36:54.750000128,64.75,4,64.84,1
2008-01-02 14:36:54.750000128,64.81,1,64.84,1
2008-01-02 14:36:54.750000128,64.81,1,64.85,1
2008-01-02 14:36:54.953000192,64.75,5,64.85,1
2008-01-02 14:36:54.953000192,64.76,1,64.85,1
2008-01-02 14:36:55.037999616,64.76,1,64.86,1
2008-01-02 14:36:55.103000064,64.76,1,64.84,2
2008-01-02 14:36:55.280000000,64.77,1,64.84,2
2008-01-02 14:36:55.280000000,64.79,1,64.84,2
2008-01-02 14:36:56.454000896,64.77,1,64.84,2
2008-01-02 14:36:56.454000896,64.77,1,64.83,1
2008-01-02 14:36:56.543000320,64.77,1,64.84,2
2008-01-02 14:36:56.544000000,64.77,1,64.84,3
2008-01-02 14:36:56.705000448,64.77,1,64.83,2
2008-01-02 14:36:56.705000448,64.77,1,64.83,4
2008-01-02 14:36:56.759000320,64.77,1,64.83,2
2008-01-02 14:36:56.760999936,64.78,1,64.83,2
2008-01-02 14:36:56.760999936,64.78,1,64.84,2
2008-01-02 14:36:56.760999936,64.79,1,64.84,2
2008-01-02 14:36:56.887000064,64.79,2,64.84,2
2008-01-02 14:36:56.976000256,64.83,2,64.84,2
2008-01-02 14:36:57.484000000,64.83,2,64.84,3
2008-01-02 14:36:57.484999680,64.83,2,64.84,2
2008-01-02 14:36:57.752999936,64.83,2,64.85,5
2008-01-02 14:36:58.023000832,64.82,1,64.85,5
2008-01-02 14:36:58.278000384,64.82,1,64.85,4
2008-01-02 14:36:58.477000448,64.76,4,64.85,4
2008-01-02 14:36:58.477000448,64.76,4,64.84,3
2008-01-02 14:36:58.521999872,64.76,1,64.84,3
2008-01-02 14:36:58.597000192,64.76,2,64.84,3
2008-01-02 14:36:58.597000192,64.76,1,64.84,3
2008-01-02 14:36:58.676000256,64.76,1,64.84,4
2008-01-02 14:36:58.679999744,64.76,1,64.84,3
2008-01-02 14:36:58.679999744,64.79,1,64.84,3
2008-01-02 14:36:58.679999744,64.76,1,64.84,3
2008-01-02 14:36:58.779000320,64.76,1,64.84,5
2008-01-02 14:36:58.779000320,64.76,1,64.82,1
2008-01-02 14:36:58.779000320,64.76,1,64.84,5
2008-01-02 14:36:58.912999936,64.72,1,64.84,5
2008-01-02 14:36:58.912999936,64.71,2,64.84,5
2008-01-02 14:36:58.926000128,64.71,2,64.84,6
2008-01-02 14:36:58.926000128,64.74,4,64.84,6
2008-01-02 14:36:58.926000128,64.8,1,64.84,6
2008-01-02 14:36:58.926000128,64.8,1,64.84,7
2008-01-02 14:36:58.926000128,64.8,1,64.84,6
2008-01-02 14:36:58.956000256,64.8,1,64.82,1
2008-01-02 14:36:59.190999552,64.8,1,64.81,2
2008-01-02 14:36:59.491999488,64.74,4,64.81,2
2008-01-02 14:36:59.652999680,64.75,5,64.81,2
2008-01-02 14:36:59.885999872,64.75,1,64.81,2
2008-01-02 14:37:00.175999744,64.74,4,64.81,2
2008-01-02 14:37:00.175999744,64.74,4,64.8,1
2008-01-02 14:37:00.176999936,64.72,30,64.8,1
2008-01-02 14:37:00.176999936,64.72,27,64.8,1
2008-01-02 14:37:00.244000000,64.72,25,64.8,1
2008-01-02 14:37:00.244000000,64.72,25,64.8,2
2008-01-02 14:37:00.259999744,64.72,25,64.8,1
2008-01-02 14:37:00.410999552,64.72,25,64.81,2
2008-01-02 14:37:00.410999552,64.72,25,64.77,1
2008-01-02 14:37:00.468000000,64.72,25,64.77,2
2008-01-02 14:37:00.468000000,64.72,25,64.77,4
2008-01-02 14:37:00.595999744,64.72,25,64.77,3
2008-01-02 14:37:00.595999744,64.72,25,64.77,4
2008-01-02 14:37:00.595999744,64.72,25,64.77,2
2008-01-02 14:37:00.595999744,64.72,25,64.77,1
2008-01-02 14:37:00.595999744,64.73,2,64.77,1
2008-01-02 14:37:00.596999936,64.73,2,64.8,1
2008-01-02 14:37:00.612000000,64.73,2,64.81,2
2008-01-02 14:37:00.661000192,64.77,1,64.81,2
2008-01-02 14:37:01.458999808,64.77,1,64.81,3
2008-01-02 14:37:01.571000064,64.77,1,64.8,1
2008-01-02 14:37:01.573000448,64.77,1,64.78,1
2008-01-02 14:37:01.762000128,64.77,1,64.78,4
2008-01-02 14:37:01.837000960,64.8,5,64.81,3
2008-01-02 14:37:01.838000384,64.8,5,64.81,3
2008-01-02 14:37:02.044999936,64.8,5,64.81,3
2008-01-02 14:37:02.099000320,64.8,5,64.81,3
2008-01-02 14:37:02.275999744,64.8,5,64.81,3
2008-01-02 14:37:02.275999744,64.8,5,64.81,1
2008-01-02 14:37:02.636999680,64.8,6,64.81,1
2008-01-02 14:37:02.936999936,64.8,5,64.81,1
2008-01-02 14:37:03.124999936,64.8,5,64.81,1
2008-01-02 14:37:03.184000000,64.8,5,64.81,1
2008-01-02 14:37:03.292999680,64.8,5,64.81,2
2008-01-02 14:37:04.232000256,64.8,5,64.81,2
2008-01-02 14:37:04.948000256,64.8,7,64.81,2
2008-01-02 14:37:04.948000256,64.8,8,64.81,2
2008-01-02 14:37:05.192999936,64.8,5,64.81,2
2008-01-02 14:37:05.386999808,64.8,7,64.81,2
2008-01-02 14:37:06.219000320,64.8,6,64.81,2
2008-01-02 14:37:06.447999744,64.8,6,64.81,2
2008-01-02 14:37:06.818000128,64.8,6,64.81,1
2008-01-02 14:37:06.875000320,64.8,6,64.84,2
2008-01-02 14:37:07.243000320,64.81,1,64.84,2
2008-01-02 14:37:07.292999936,64.81,2,64.84,2
2008-01-02 14:37:07.567000320,64.81,1,64.84,2
2008-01-02 14:37:07.957000192,64.81,3,64.84,2
2008-01-02 14:37:08.507999744,64.8,6,64.84,2
2008-01-02 14:37:08.564000000,64.8,6,64.81,1
2008-01-02 14:37:08.746000128,64.8,5,64.81,1
2008-01-02 14:37:08.957000448,64.8,5,64.84,2
2008-01-02 14:37:08.957000448,64.8,7,64.84,2
2008-01-02 14:37:09.214000128,64.81,1,64.84,2
2008-01-02 14:37:09.214000128,64.81,1,64.83,1
2008-01-02 14:37:09.682000128,64.8,7,64.83,1
2008-01-02 14:37:09.999000064,64.8,5,64.83,1
2008-01-02 14:37:10.263000576,64.8,6,64.83,1
2008-01-02 14:37:11.551999744,64.8,6,64.84,2
2008-01-02 14:37:11.551999744,64.8,6,64.83,1
2008-01-02 14:37:11.719000064,64.8,6,64.84,2
2008-01-02 14:37:12.314000384,64.81,1,64.84,2
2008-01-02 14:37:12.641000192,64.81,1,64.83,1
2008-01-02 14:37:13.226999552,64.8,6,64.83,1
2008-01-02 14:37:13.444999680,64.72,1,64.83,1
2008-01-02 14:37:13.506999552,64.72,1,64.81,1
2008-01-02 14:37:13.516999936,64.71,10,64.81,1
2008-01-02 14:37:13.662999808,64.71,10,64.81,2
2008-01-02 14:37:13.735999744,64.8,2,64.81,2
2008-01-02 14:37:13.735999744,64.8,1,64.81,2
2008-01-02 14:37:13.735999744,64.8,1,64.81,4
2008-01-02 14:37:13.830999552,64.8,1,64.81,6
2008-01-02 14:37:13.830999552,64.8,1,64.81,9
2008-01-02 14:37:13.830999552,64.8,1,64.81,13
2008-01-02 14:37:14.024999936,64.8,1,64.81,9
2008-01-02 14:37:14.024999936,64.7,5,64.8,1
2008-01-02 14:37:14.024999936,64.71,8,64.8,1
2008-01-02 14:37:14.092000000,64.72,2,64.8,1
2008-01-02 14:37:14.097000192,64.72,2,64.78,1
2008-01-02 14:37:14.296000256,64.72,2,64.78,2
2008-01-02 14:37:14.296000256,64.72,2,64.78,3
2008-01-02 14:37:14.433999872,64.72,2,64.78,2
2008-01-02 14:37:14.491999744,64.72,2,64.78,4
2008-01-02 14:37:14.491999744,64.72,2,64.76,1
2008-01-02 14:37:14.491999744,64.7,5,64.76,1
2008-01-02 14:37:14.491999744,64.7,5,64.74,76
2008-01-02 14:37:14.657999872,64.7,5,64.73,1
2008-01-02 14:37:14.947000064,64.65,5,64.73,1
2008-01-02 14:37:14.947000064,64.65,4,64.73,1
2008-01-02 14:37:15.022000128,64.65,9,64.73,1
2008-01-02 14:37:15.258000384,64.65,8,64.73,1
2008-01-02 14:37:15.287999744,64.65,8,64.72,1
2008-01-02 14:37:15.287999744,64.65,8,64.71,1
2008-01-02 14:37:15.287999744,64.65,8,64.71,2
2008-01-02 14:37:15.287999744,64.65,8,64.71,3
2008-01-02 14:37:15.330999552,64.65,8,64.71,2
2008-01-02 14:37:15.330999552,64.65,8,64.71,1
2008-01-02 14:37:15.493999616,64.65,8,64.74,78
2008-01-02 14:37:15.556999680,64.65,8,64.69,1
2008-01-02 14:37:15.601999872,64.63,9,64.69,1
2008-01-02 14:37:16.300000256,64.63,9,64.71,3
2008-01-02 14:37:16.516999936,64.63,8,64.71,3
2008-01-02 14:37:16.516999936,64.63,8,64.71,2
2008-01-02 14:37:16.531000576,64.63,8,64.68,1
2008-01-02 14:37:16.816000256,64.62,7,64.68,1
2008-01-02 14:37:17.210000640,64.62,7,64.71,2
2008-01-02 14:37:17.273000192,64.62,7,64.67,1
2008-01-02 14:37:17.273000192,64.62,7,64.66,1
2008-01-02 14:37:18.029999872,64.62,5,64.66,1
2008-01-02 14:37:18.392000000,64.61,2,64.66,1
2008-01-02 14:37:18.791999744,64.61,2,64.68,2
2008-01-02 14:37:18.798999552,64.61,2,64.64,1
2008-01-02 14:37:18.879999488,64.6,1,64.64,1
2008-01-02 14:37:19.204000256,64.6,1,64.68,7
2008-01-02 14:37:19.328000000,64.6,1,64.68,6
2008-01-02 14:37:19.328000000,64.6,1,64.62,1
2008-01-02 14:37:20.097000448,64.57,5,64.62,1
2008-01-02 14:37:20.328000256,64.57,5,64.61,1
2008-01-02 14:37:20.605000192,64.57,5,64.65,6
2008-01-02 14:37:20.605000192,64.58,1,64.65,6
2008-01-02 14:37:20.605000192,64.57,5,64.65,6
2008-01-02 14:37:20.605000192,64.57,5,64.65,6
2008-01-02 14:37:20.605000192,64.57,5,64.62,2
2008-01-02 14:37:20.760999936,64.57,3,64.62,2
2008-01-02 14:37:20.816999936,64.55,5,64.62,2
2008-01-02 14:37:20.954000128,64.55,5,64.61,1
2008-01-02 14:37:21.105000192,64.56,2,64.61,1
2008-01-02 14:37:21.105000192,64.56,2,64.6,1
2008-01-02 14:37:21.661999616,64.56,2,64.61,1
2008-01-02 14:37:21.725999872,64.55,5,64.61,1
2008-01-02 14:37:22.100000000,64.55,5,64.61,2
2008-01-02 14:37:22.108999680,64.55,5,64.6,1
2008-01-02 14:37:22.582999552,64.55,5,64.59,19
2008-01-02 14:37:23.517000448,64.5,47,64.59,19
2008-01-02 14:37:23.565000448,64.5,43,64.59,19
2008-01-02 14:37:23.652000256,64.5,43,64.59,17
2008-01-02 14:37:23.652000256,64.5,43,64.59,18
2008-01-02 14:37:23.744000768,64.5,43,64.59,17
2008-01-02 14:37:23.834000384,64.5,48,64.59,17
2008-01-02 14:37:23.989000448,64.5,48,64.59,20
2008-01-02 14:37:23.989000448,64.5,46,64.59,20
2008-01-02 14:37:23.989000448,64.5,46,64.59,21
2008-01-02 14:37:24.044999936,64.5,46,64.59,20
2008-01-02 14:37:24.186000128,64.5,46,64.59,22
2008-01-02 14:37:24.557000704,64.5,46,64.59,23
2008-01-02 14:37:24.646000128,64.5,46,64.59,21
2008-01-02 14:37:24.658999808,64.5,46,64.59,20
2008-01-02 14:37:24.658999808,64.5,46,64.59,17
2008-01-02 14:37:25.186999808,64.52,1,64.59,17
2008-01-02 14:37:25.203000064,64.52,2,64.59,17
2008-01-02 14:37:25.568000256,64.5,46,64.59,17
2008-01-02 14:37:25.722000128,64.52,1,64.59,17
2008-01-02 14:37:25.834000384,64.5,43,64.59,17
2008-01-02 14:37:26.078000384,64.52,1,64.59,17
2008-01-02 14:37:26.079000576,64.52,1,64.59,18
2008-01-02 14:37:26.275000064,64.52,1,64.59,17
2008-01-02 14:37:26.344000512,64.5,43,64.59,17
2008-01-02 14:37:26.516000256,64.52,1,64.59,17
2008-01-02 14:37:26.722999808,64.52,1,64.59,18
2008-01-02 14:37:26.824000000,64.52,1,64.59,17
2008-01-02 14:37:26.946000128,64.58,9,64.59,17
2008-01-02 14:37:27.134000896,64.58,15,64.59,17
2008-01-02 14:37:27.261999872,64.58,15,64.59,16
2008-01-02 14:37:27.341999872,64.58,15,64.6,1
2008-01-02 14:37:27.620000000,64.58,15,64.62,2
2008-01-02 14:37:27.620000000,64.6,1,64.62,2
2008-01-02 14:37:27.757000704,64.6,2,64.62,2
2008-01-02 14:37:28.876000000,64.58,15,64.62,2
2008-01-02 14:37:28.876000000,64.58,14,64.62,2
2008-01-02 14:37:28.876000000,64.58,13,64.62,2
2008-01-02 14:37:29.273999872,64.58,12,64.62,2
2008-01-02 14:37:29.273999872,64.58,11,64.62,2
2008-01-02 14:37:29.273999872,64.58,9,64.62,2
2008-01-02 14:37:30.801999872,64.52,1,64.62,2
2008-01-02 14:37:31.011000320,64.62,13,64.65,5
2008-01-02 14:37:31.012000512,64.62,2,64.65,5
2008-01-02 14:37:31.386000128,64.62,2,64.65,6
2008-01-02 14:37:31.386000128,64.55,2,64.65,6
2008-01-02 14:37:31.436000512,64.55,2,64.62,2
2008-01-02 14:37:31.436000512,64.55,2,64.65,6
2008-01-02 14:37:31.436000512,64.55,2,64.62,1
2008-01-02 14:37:31.436000512,64.55,2,64.65,6
2008-01-02 14:37:31.436000512,64.55,2,64.65,5
2008-01-02 14:37:31.612000256,64.55,3,64.65,5
2008-01-02 14:37:31.616999936,64.55,4,64.65,5
2008-01-02 14:37:31.705000448,64.55,3,64.65,5
2008-01-02 14:37:31.705000448,64.55,4,64.65,5
2008-01-02 14:37:31.711000320,64.55,5,64.65,5
2008-01-02 14:37:31.711000320,64.55,4,64.65,5
2008-01-02 14:37:31.711000320,64.55,3,64.65,5
2008-01-02 14:37:31.832000000,64.55,2,64.65,5
2008-01-02 14:37:31.844000768,64.55,2,64.65,6
2008-01-02 14:37:31.921000192,64.55,2,64.64,2
2008-01-02 14:37:32.403000064,64.52,3,64.64,2
2008-01-02 14:37:32.685999872,64.55,1,64.64,2
2008-01-02 14:37:32.685999872,64.55,2,64.64,2
2008-01-02 14:37:32.685999872,64.55,3,64.64,2
2008-01-02 14:37:32.685999872,64.55,4,64.64,2
2008-01-02 14:37:32.685999872,64.55,3,64.64,2
2008-01-02 14:37:32.746999552,64.56,1,64.64,2
2008-01-02 14:37:32.746999552,64.56,2,64.64,2
2008-01-02 14:37:33.046000896,64.56,3,64.64,2
2008-01-02 14:37:33.418000384,64.56,6,64.64,2
2008-01-02 14:37:33.586000128,64.56,5,64.64,2
2008-01-02 14:37:33.664000256,64.56,6,64.64,2
2008-01-02 14:37:33.709000448,64.56,5,64.64,2
2008-01-02 14:37:33.722000128,64.56,4,64.64,2
2008-01-02 14:37:33.755000064,64.56,1,64.64,2
2008-01-02 14:37:33.755000064,64.56,2,64.64,2
2008-01-02 14:37:34.021000192,64.56,1,64.64,2
2008-01-02 14:37:34.158000128,64.56,2,64.64,2
2008-01-02 14:37:34.192000256,64.56,3,64.64,2
2008-01-02 14:37:34.245999616,64.56,2,64.64,2
2008-01-02 14:37:34.245999616,64.56,1,64.64,2
2008-01-02 14:37:34.968000000,64.57,1,64.64,2
2008-01-02 14:37:35.157999872,64.63,5,64.64,2
2008-01-02 14:37:35.343000064,64.63,5,64.65,5
2008-01-02 14:37:35.620000000,64.63,5,64.64,1
2008-01-02 14:37:36.457000192,64.63,2,64.64,1
2008-01-02 14:37:36.619000064,64.58,7,64.64,1
2008-01-02 14:37:36.636999936,64.58,7,64.65,5
2008-01-02 14:37:37.013999616,64.58,8,64.65,5
2008-01-02 14:37:37.102999808,64.58,10,64.65,5
2008-01-02 14:37:37.102999808,64.58,10,64.64,1
2008-01-02 14:37:37.102999808,64.58,12,64.64,1
2008-01-02 14:37:37.177999872,64.58,11,64.64,1
2008-01-02 14:37:37.328999936,64.58,9,64.64,1
2008-01-02 14:37:37.328999936,64.58,7,64.64,1
2008-01-02 14:37:37.328999936,64.64,5,64.65,5
2008-01-02 14:37:38.880999936,64.64,6,64.65,5
2008-01-02 14:37:38.926000128,64.64,7,64.65,5
2008-01-02 14:37:38.926000128,64.64,8,64.65,5
2008-01-02 14:37:39.860000512,64.64,8,64.7,2
2008-01-02 14:37:40.083999744,64.64,8,64.65,5
2008-01-02 14:37:40.536999680,64.64,9,64.65,5
2008-01-02 14:37:40.764999680,64.64,7,64.65,5
2008-01-02 14:37:40.976000256,64.64,6,64.65,5
2008-01-02 14:37:41.454000128,64.64,1,64.65,5
2008-01-02 14:37:41.538000128,64.64,1,64.68,1
2008-01-02 14:37:41.845999872,64.63,1,64.64,27
2008-01-02 14:37:42.079000576,64.59,7,64.64,27
2008-01-02 14:37:42.239000320,64.59,7,64.63,1
2008-01-02 14:37:42.692000256,64.59,6,64.63,1
2008-01-02 14:37:42.692000256,64.59,5,64.63,1
2008-01-02 14:37:43.141999616,64.59,4,64.63,1
2008-01-02 14:37:43.222000128,64.59,4,64.63,2
2008-01-02 14:37:43.386999808,64.59,3,64.63,2
2008-01-02 14:37:44.464000000,64.59,2,64.63,2
2008-01-02 14:37:44.464000000,64.59,1,64.63,2
2008-01-02 14:37:45.847000832,64.6,2,64.63,2
2008-01-02 14:37:47.043000064,64.6,2,64.64,27
2008-01-02 14:37:47.822000128,64.6,2,64.64,27
2008-01-02 14:37:48.376999936,64.6,2,64.64,27
2008-01-02 14:37:48.687000064,64.6,2,64.64,27
2008-01-02 14:37:48.687000064,64.6,4,64.64,27
2008-01-02 14:37:48.816000000,64.6,3,64.64,27
2008-01-02 14:37:48.816000000,64.6,2,64.64,27
2008-01-02 14:37:49.461000192,64.6,1,64.64,27
2008-01-02 14:37:49.461000192,64.6,1,64.64,27
2008-01-02 14:37:51.196000512,64.6,1,64.64,15
2008-01-02 14:37:51.816999680,64.6,2,64.64,15
2008-01-02 14:37:51.816999680,64.6,2,64.61,1
2008-01-02 14:37:51.827000064,64.6,2,64.61,1
2008-01-02 14:37:51.827000064,64.6,2,64.61,1
2008-01-02 14:37:51.963000064,64.64,1,64.67,2
2008-01-02 14:37:52.151000832,64.64,1,64.67,1
2008-01-02 14:37:52.195000064,64.64,1,64.69,30
2008-01-02 14:37:52.495999744,64.61,1,64.69,30
2008-01-02 14:37:52.952000256,64.6,2,64.69,30
2008-01-02 14:37:52.952000256,64.6,2,64.65,1
2008-01-02 14:37:53.201999616,64.6,2,64.65,1
2008-01-02 14:37:53.622999808,64.6,2,64.64,1
2008-01-02 14:37:54.771000064,64.6,1,64.64,1
2008-01-02 14:37:55.126000384,64.6,1,64.64,1
2008-01-02 14:37:56.006999808,64.6,2,64.65,1
2008-01-02 14:37:56.158000384,64.61,2,64.65,1
2008-01-02 14:37:56.158000384,64.61,3,64.65,1
2008-01-02 14:37:56.176999936,64.61,3,64.64,2
2008-01-02 14:37:56.265999872,64.61,3,64.65,1
2008-01-02 14:37:56.265999872,64.61,3,64.69,1
2008-01-02 14:37:56.265999872,64.61,3,64.7,7
2008-01-02 14:37:56.351000064,64.61,6,64.7,7
2008-01-02 14:37:56.351000064,64.61,10,64.7,7
2008-01-02 14:37:56.480999424,64.61,7,64.7,7
2008-01-02 14:37:56.570999808,64.64,2,64.7,7
2008-01-02 14:37:56.725999872,64.64,2,64.7,8
2008-01-02 14:37:56.765999616,64.64,2,64.7,7
2008-01-02 14:37:56.806000128,64.64,2,64.7,5
2008-01-02 14:37:57.053000192,64.61,3,64.7,5
2008-01-02 14:37:57.185000192,64.61,3,64.7,6
2008-01-02 14:37:57.376000000,64.61,2,64.7,6
2008-01-02 14:37:57.376000000,64.61,2,64.7,5
2008-01-02 14:37:57.463000320,64.61,2,64.64,3
2008-01-02 14:37:57.463000320,64.61,2,64.7,5
2008-01-02 14:37:57.487000064,64.61,4,64.7,5
2008-01-02 14:37:57.498000128,64.62,1,64.7,5
2008-01-02 14:37:57.499000320,64.62,2,64.7,5
2008-01-02 14:37:57.553000192,64.62,4,64.7,5
2008-01-02 14:37:57.801000960,64.63,1,64.7,5
2008-01-02 14:37:57.801000960,64.62,4,64.7,5
2008-01-02 14:37:57.801000960,64.62,3,64.7,5
2008-01-02 14:37:57.801000960,64.62,3,64.69,2
2008-01-02 14:37:57.867000320,64.62,1,64.69,2
2008-01-02 14:37:57.867000320,64.64,1,64.69,2
2008-01-02 14:37:57.889999616,64.64,5,64.69,2
2008-01-02 14:37:57.889999616,64.64,2,64.69,2
2008-01-02 14:37:58.122000896,64.64,1,64.69,2
2008-01-02 14:37:58.124000000,64.64,1,64.69,3
2008-01-02 14:37:58.124000000,64.6,2,64.69,3
2008-01-02 14:37:58.756999936,64.6,3,64.69,3
2008-01-02 14:37:58.766000128,64.6,3,64.64,3
2008-01-02 14:37:59.321000448,64.6,3,64.64,4
2008-01-02 14:37:59.685999872,64.6,3,64.64,3
2008-01-02 14:38:00.453999616,64.6,3,64.64,4
2008-01-02 14:38:00.732000000,64.6,3,64.64,1
2008-01-02 14:38:00.732999936,64.6,3,64.69,2
2008-01-02 14:38:01.056000512,64.67,4,64.69,2
2008-01-02 14:38:01.159000320,64.67,4,64.69,1
2008-01-02 14:38:01.568000512,64.67,4,64.7,5
2008-01-02 14:38:01.616000512,64.67,3,64.7,5
2008-01-02 14:38:01.668000512,64.67,2,64.7,5
2008-01-02 14:38:02.758000384,64.62,4,64.7,5
2008-01-02 14:38:03.192000256,64.62,4,64.7,4
2008-01-02 14:38:03.539001088,64.66,1,64.7,4
2008-01-02 14:38:09.436999424,64.65,1,64.7,4
2008-01-02 14:38:09.436999424,64.65,1,64.66,1
2008-01-02 14:38:09.786999296,64.65,1,64.66,2
2008-01-02 14:38:09.881999872,64.65,1,64.66,1
2008-01-02 14:38:09.893999360,64.65,1,64.7,4
2008-01-02 14:38:10.146999808,64.62,2,64.7,4
2008-01-02 14:38:10.558000128,64.62,2,64.73,2
2008-01-02 14:38:10.790999808,64.62,2,64.7,5
2008-01-02 14:38:13.097999616,64.63,4,64.7,5
2008-01-02 14:38:15.562999808,64.6,6,64.7,5
2008-01-02 14:38:15.775999488,64.6,6,64.74,4
2008-01-02 14:38:15.935999744,64.6,6,64.68,1
2008-01-02 14:38:17.043000064,64.6,1,64.68,1
2008-01-02 14:38:17.426000128,64.59,2,64.68,1
2008-01-02 14:38:17.467000064,64.58,4,64.68,1
2008-01-02 14:38:17.467000064,64.59,1,64.68,1
2008-01-02 14:38:17.541000192,64.59,1,64.71,2
2008-01-02 14:38:17.641000960,64.59,3,64.71,2
2008-01-02 14:38:17.757000448,64.59,2,64.71,2
2008-01-02 14:38:17.757000448,64.59,2,64.68,5
2008-01-02 14:38:18.432000768,64.59,2,64.67,5
2008-01-02 14:38:18.432000768,64.55,5,64.67,5
2008-01-02 14:38:18.432000768,64.6,1,64.67,5
2008-01-02 14:38:18.555999744,64.55,8,64.67,5
2008-01-02 14:38:18.555999744,64.6,1,64.67,5
2008-01-02 14:38:18.555999744,64.55,8,64.67,5
2008-01-02 14:38:18.555999744,64.61,1,64.67,5
2008-01-02 14:38:18.555999744,64.61,2,64.67,5
2008-01-02 14:38:18.576999680,64.61,2,64.71,2
2008-01-02 14:38:18.756000512,64.61,3,64.71,2
2008-01-02 14:38:18.757000192,64.61,2,64.71,2
2008-01-02 14:38:18.757000192,64.61,2,64.68,5
2008-01-02 14:38:18.900000000,64.61,2,64.67,5
2008-01-02 14:38:18.900000000,64.61,1,64.67,5
2008-01-02 14:38:18.965999872,64.57,4,64.67,5
2008-01-02 14:38:19.627000320,64.57,4,64.66,5
2008-01-02 14:38:19.840000000,64.57,4,64.65,5
2008-01-02 14:38:21.717999872,64.61,1,64.65,5
2008-01-02 14:38:21.717999872,64.61,2,64.65,5
2008-01-02 14:38:21.717999872,64.61,3,64.65,5
2008-01-02 14:38:22.047000576,64.61,3,64.64,1
2008-01-02 14:38:22.047000576,64.61,4,64.64,1
2008-01-02 14:38:22.908999936,64.55,8,64.64,1
2008-01-02 14:38:22.908999936,64.55,5,64.64,1
2008-01-02 14:38:22.908999936,64.55,5,64.63,2
2008-01-02 14:38:23.014999808,64.56,2,64.63,2
2008-01-02 14:38:23.046999552,64.58,2,64.63,2
2008-01-02 14:38:23.536000000,64.6,4,64.63,2
2008-01-02 14:38:25.420999936,64.6,4,64.64,1
2008-01-02 14:38:25.706999552,64.63,2,64.64,1
2008-01-02 14:38:25.706999552,64.63,6,64.64,1
2008-01-02 14:38:25.730999808,64.63,4,64.64,1
2008-01-02 14:38:27.790999808,64.63,4,64.64,1
2008-01-02 14:38:29.257999872,64.63,1,64.64,1
2008-01-02 14:38:29.536999680,64.6,4,64.65,5
2008-01-02 14:38:29.536999680,64.63,2,64.65,5
2008-01-02 14:38:29.536999680,64.59,1,64.65,5
2008-01-02 14:38:29.536999680,64.58,2,64.65,5
2008-01-02 14:38:29.889999616,64.55,7,64.65,5
2008-01-02 14:38:31.351000064,64.55,7,64.64,2
2008-01-02 14:38:32.079999744,64.55,7,64.64,2
2008-01-02 14:38:32.364000000,64.55,7,64.6,3
2008-01-02 14:38:32.665000960,64.55,5,64.6,3
2008-01-02 14:38:32.863000064,64.59,3,64.6,3
2008-01-02 14:38:33.381001216,64.59,3,64.6,4
2008-01-02 14:38:34.644999936,64.55,5,64.6,4
2008-01-02 14:38:34.819999488,64.55,5,64.6,4
2008-01-02 14:38:34.945000192,64.55,5,64.59,1
2008-01-02 14:38:35.295000064,64.55,6,64.59,1
2008-01-02 14:38:35.665000448,64.56,13,64.59,1
2008-01-02 14:38:35.985000192,64.56,13,64.59,2
2008-01-02 14:38:36.160000512,64.55,6,64.59,2
2008-01-02 14:38:36.610000640,64.57,2,64.59,2
2008-01-02 14:38:36.922000384,64.57,2,64.59,1
2008-01-02 14:38:36.932000256,64.57,2,64.6,1
2008-01-02 14:38:39.056000000,64.55,6,64.6,1
2008-01-02 14:38:39.056000000,64.55,2,64.6,1
2008-01-02 14:38:39.568999936,64.55,2,64.6,5
2008-01-02 14:38:40.038000128,64.52,2,64.6,5
2008-01-02 14:38:40.352999936,64.52,2,64.6,1
2008-01-02 14:38:40.480999680,64.52,2,64.59,1
2008-01-02 14:38:41.247999744,64.52,2,64.6,6
2008-01-02 14:38:41.247999744,64.52,2,64.6,6
2008-01-02 14:38:41.247999744,64.52,2,64.6,6
2008-01-02 14:38:42.333999616,64.56,2,64.6,6
2008-01-02 14:38:42.871999744,64.52,2,64.6,6
2008-01-02 14:38:43.026000128,64.52,2,64.56,2
2008-01-02 14:38:43.108999936,64.52,2,64.6,6
2008-01-02 14:38:43.262000128,64.52,2,64.57,1
2008-01-02 14:38:43.720000256,64.51,3,64.57,1
2008-01-02 14:38:44.480000512,64.51,3,64.6,8
2008-01-02 14:38:44.480000512,64.57,1,64.6,8
2008-01-02 14:38:44.900999936,64.57,1,64.6,1
2008-01-02 14:38:45.046999808,64.57,1,64.63,5
2008-01-02 14:38:45.046999808,64.58,2,64.63,5
2008-01-02 14:38:45.055999488,64.58,2,64.63,4
2008-01-02 14:38:45.055999488,64.58,2,64.64,3
2008-01-02 14:38:45.055999488,64.57,1,64.64,3
2008-01-02 14:38:45.184000000,64.52,2,64.64,3
2008-01-02 14:38:45.275999744,64.53,1,64.64,3
2008-01-02 14:38:45.275999744,64.53,1,64.64,2
2008-01-02 14:38:45.318000128,64.53,1,64.64,3
2008-01-02 14:38:45.318000128,64.52,7,64.64,3
2008-01-02 14:38:45.376000000,64.52,7,64.64,2
2008-01-02 14:38:45.379999488,64.57,8,64.64,2
2008-01-02 14:38:45.466000128,64.52,6,64.64,2
2008-01-02 14:38:45.466000128,64.58,8,64.64,2
2008-01-02 14:38:45.466000128,64.52,6,64.64,2
2008-01-02 14:38:45.466000128,64.52,3,64.64,2
2008-01-02 14:38:45.466000128,64.52,2,64.64,2
2008-01-02 14:38:45.484000256,64.52,3,64.64,2
2008-01-02 14:38:45.484000256,64.55,2,64.64,2
2008-01-02 14:38:45.642000128,64.62,26,64.64,2
2008-01-02 14:38:45.647999744,64.62,26,64.64,2
2008-01-02 14:38:45.772999680,64.62,24,64.64,2
2008-01-02 14:38:45.906000384,64.62,22,64.64,2
2008-01-02 14:38:45.912999680,64.62,22,64.65,5
2008-01-02 14:38:45.956999680,64.62,20,64.65,5
2008-01-02 14:38:46.084000000,64.62,16,64.65,5
2008-01-02 14:38:46.116999936,64.62,6,64.65,5
2008-01-02 14:38:46.469000448,64.62,4,64.65,5
2008-01-02 14:38:46.516000256,64.62,4,64.65,3
2008-01-02 14:38:47.272999936,64.62,4,64.65,1
2008-01-02 14:38:47.272999936,64.62,5,64.65,1
2008-01-02 14:38:48.068000256,64.6,4,64.65,1
2008-01-02 14:38:48.123999744,64.61,1,64.65,1
2008-01-02 14:38:49.546000384,64.61,2,64.65,1
2008-01-02 14:38:49.546000384,64.61,3,64.65,1
2008-01-02 14:38:49.547001088,64.61,2,64.65,1
2008-01-02 14:38:49.547001088,64.61,3,64.65,1
2008-01-02 14:38:49.547001088,64.61,4,64.65,1
2008-01-02 14:38:49.547001088,64.61,3,64.65,1
2008-01-02 14:38:49.569001216,64.61,2,64.65,1
2008-01-02 14:38:49.569001216,64.61,1,64.65,1
2008-01-02 14:38:50.156999680,64.61,2,64.65,1
2008-01-02 14:38:50.366000128,64.61,2,64.7,3
2008-01-02 14:38:50.552999936,64.61,2,64.7,8
2008-01-02 14:38:50.842000128,64.61,2,64.65,11
2008-01-02 14:38:51.226000384,64.61,1,64.65,11
2008-01-02 14:38:52.048000256,64.6,5,64.65,11
2008-01-02 14:38:52.152000512,64.6,5,64.65,5
2008-01-02 14:38:52.152000512,64.61,1,64.65,5
2008-01-02 14:38:52.762000128,64.61,1,64.65,7
2008-01-02 14:38:53.270999552,64.6,5,64.65,7
2008-01-02 14:38:53.401999872,64.61,1,64.65,7
2008-01-02 14:38:53.401999872,64.6,5,64.65,7
2008-01-02 14:38:53.401999872,64.61,1,64.65,7
2008-01-02 14:38:53.401999872,64.61,2,64.65,7
2008-01-02 14:38:53.401999872,64.61,3,64.65,7
2008-01-02 14:38:53.458000640,64.61,2,64.65,7
2008-01-02 14:38:53.458000640,64.61,1,64.65,7
2008-01-02 14:38:53.743999744,64.62,1,64.65,7
2008-01-02 14:38:53.876000256,64.62,2,64.65,7
2008-01-02 14:38:53.886000128,64.62,1,64.65,7
2008-01-02 14:38:53.886000128,64.61,1,64.65,7
2008-01-02 14:38:53.986999808,64.6,5,64.65,7
2008-01-02 14:38:55.217000192,64.6,5,64.62,100
2008-01-02 14:38:55.471000320,64.56,3,64.62,100
2008-01-02 14:38:55.471000320,64.55,9,64.62,100
2008-01-02 14:38:55.471000320,64.55,5,64.62,100
2008-01-02 14:38:55.471000320,64.55,2,64.62,100
2008-01-02 14:38:55.611000320,64.54,38,64.62,100
2008-01-02 14:38:55.731000576,64.55,5,64.62,100
2008-01-02 14:38:57.693000192,64.55,3,64.62,100
2008-01-02 14:38:57.693000192,64.55,3,64.61,2
2008-01-02 14:38:57.776000000,64.55,3,64.61,5
2008-01-02 14:38:57.858000128,64.55,3,64.61,3
2008-01-02 14:38:57.858000128,64.55,3,64.62,100
2008-01-02 14:38:57.867000320,64.55,3,64.61,4
2008-01-02 14:38:58.198999808,64.55,3,64.6,2
2008-01-02 14:39:01.886999808,64.52,2,64.6,2
2008-01-02 14:39:02.089000192,64.52,2,64.61,4
2008-01-02 14:39:02.390000128,64.52,2,64.6,5
2008-01-02 14:39:02.390000128,64.51,3,64.6,5
2008-01-02 14:39:02.453000192,64.51,3,64.6,6
2008-01-02 14:39:02.453000192,64.51,3,64.6,5
2008-01-02 14:39:02.546000128,64.52,1,64.6,5
2008-01-02 14:39:02.546000128,64.51,5,64.6,5
2008-01-02 14:39:02.713999872,64.51,5,64.6,7
2008-01-02 14:39:02.724000512,64.53,1,64.6,7
2008-01-02 14:39:02.767000320,64.53,2,64.6,7
2008-01-02 14:39:02.904000256,64.53,3,64.6,7
2008-01-02 14:39:02.904000256,64.53,4,64.6,7
2008-01-02 14:39:03.415999744,64.53,5,64.6,7
2008-01-02 14:39:08.689000192,64.53,4,64.6,7
2008-01-02 14:39:08.689000192,64.53,3,64.6,7
2008-01-02 14:39:08.689000192,64.53,2,64.6,7
2008-01-02 14:39:08.767000320,64.53,1,64.6,7
2008-01-02 14:39:09.180999936,64.56,1,64.6,7
2008-01-02 14:39:09.256000256,64.56,2,64.6,7
2008-01-02 14:39:09.465999616,64.56,3,64.6,7
2008-01-02 14:39:09.466999808,64.56,4,64.6,7
2008-01-02 14:39:09.478999808,64.56,2,64.6,7
2008-01-02 14:39:09.666999808,64.53,1,64.6,7
2008-01-02 14:39:10.166000896,64.53,3,64.6,7
2008-01-02 14:39:10.847000064,64.53,3,64.6,11
2008-01-02 14:39:11.637000192,64.53,1,64.6,11
2008-01-02 14:39:12.092000000,64.53,1,64.59,2
2008-01-02 14:39:12.092000000,64.53,1,64.59,6
2008-01-02 14:39:12.092000000,64.53,1,64.59,2
2008-01-02 14:39:12.175000320,64.51,5,64.59,2
2008-01-02 14:39:12.253999872,64.51,5,64.59,6
2008-01-02 14:39:12.472000000,64.51,7,64.59,6
2008-01-02 14:39:12.682000128,64.51,7,64.59,4
2008-01-02 14:39:12.682000128,64.51,7,64.6,7
2008-01-02 14:39:12.682000128,64.51,1,64.6,7
2008-01-02 14:39:12.740999936,64.51,1,64.58,2
2008-01-02 14:39:12.740999936,64.51,1,64.58,4
2008-01-02 14:39:12.740999936,64.51,1,64.57,4
2008-01-02 14:39:13.007000064,64.5,8,64.57,4
2008-01-02 14:39:13.687000576,64.5,2,64.57,4
2008-01-02 14:39:13.970999296,64.5,2,64.57,6
2008-01-02 14:39:14.145999616,64.5,2,64.57,7
2008-01-02 14:39:14.375999744,64.49,1,64.57,7
2008-01-02 14:39:14.536000000,64.49,1,64.57,3
2008-01-02 14:39:15.481999872,64.49,1,64.57,3
2008-01-02 14:39:15.692000512,64.47,8,64.57,3
2008-01-02 14:39:15.992000256,64.47,8,64.51,1
2008-01-02 14:39:16.238000128,64.47,8,64.48,1
2008-01-02 14:39:16.462999296,64.47,8,64.5,3
2008-01-02 14:39:16.508000256,64.48,1,64.5,3
2008-01-02 14:39:16.872999680,64.48,13,64.5,3
2008-01-02 14:39:16.991999744,64.48,13,64.52,3
2008-01-02 14:39:17.094999808,64.48,11,64.52,3
2008-01-02 14:39:17.102999296,64.48,9,64.52,3
2008-01-02 14:39:17.499999744,64.48,9,64.54,2
2008-01-02 14:39:17.576999680,64.53,2,64.54,2
2008-01-02 14:39:17.576999680,64.53,4,64.54,2
2008-01-02 14:39:17.657999616,64.53,2,64.54,2
2008-01-02 14:39:18.009999872,64.53,2,64.6,5
2008-01-02 14:39:18.116999936,64.48,9,64.6,5
2008-01-02 14:39:18.281999872,64.49,2,64.6,5
2008-01-02 14:39:18.452000000,64.49,3,64.6,5
2008-01-02 14:39:19.882999552,64.52,2,64.6,5
2008-01-02 14:39:21.103000064,64.49,2,64.6,5
2008-01-02 14:39:21.275000064,64.54,3,64.6,5
2008-01-02 14:39:21.626000640,64.49,2,64.6,5
2008-01-02 14:39:22.275999744,64.54,4,64.6,5
2008-01-02 14:39:22.275999744,64.54,4,64.59,2
2008-01-02 14:39:22.421999360,64.54,4,64.6,5
2008-01-02 14:39:22.809000192,64.49,2,64.6,5
2008-01-02 14:39:23.517000192,64.49,2,64.59,2
2008-01-02 14:39:23.517000192,64.49,2,64.6,5
2008-01-02 14:39:23.517000192,64.49,2,64.55,1
2008-01-02 14:39:24.537000192,64.49,2,64.55,1
2008-01-02 14:39:24.537000192,64.54,5,64.55,1
2008-01-02 14:39:24.918000384,64.54,3,64.55,1
2008-01-02 14:39:25.064000000,64.49,2,64.55,1
2008-01-02 14:39:28.919999744,64.49,2,64.59,2
2008-01-02 14:39:28.919999744,64.48,9,64.59,2
2008-01-02 14:39:29.154000128,64.48,11,64.59,2
2008-01-02 14:39:29.154000128,64.48,12,64.59,2
2008-01-02 14:39:29.608000256,64.48,8,64.59,2
2008-01-02 14:39:30.032000256,64.48,9,64.59,2
2008-01-02 14:39:30.228000256,64.48,10,64.59,2
2008-01-02 14:39:30.228000256,64.48,9,64.59,2
2008-01-02 14:39:30.232999936,64.48,8,64.59,2
2008-01-02 14:39:30.232999936,64.48,9,64.59,2
2008-01-02 14:39:30.232999936,64.48,8,64.59,2
2008-01-02 14:39:30.708000512,64.48,6,64.59,2
2008-01-02 14:39:30.792000256,64.48,8,64.59,2
2008-01-02 14:39:30.792000256,64.48,11,64.59,2
2008-01-02 14:39:30.796000512,64.49,2,64.59,2
2008-01-02 14:39:30.998000384,64.48,8,64.59,2
2008-01-02 14:39:31.006999808,64.48,6,64.59,2
2008-01-02 14:39:31.006999808,64.48,6,64.58,1
2008-01-02 14:39:31.171999744,64.48,5,64.58,1
2008-01-02 14:39:31.912000256,64.48,5,64.59,2
2008-01-02 14:39:31.932000000,64.49,2,64.59,2
2008-01-02 14:39:32.558000384,64.5,1,64.59,2
2008-01-02 14:39:32.697000448,64.49,2,64.59,2
2008-01-02 14:39:34.611000064,64.5,2,64.59,2
2008-01-02 14:39:35.291999744,64.49,2,64.59,2
2008-01-02 14:39:35.437999616,64.48,7,64.59,2
2008-01-02 14:39:35.729999616,64.48,8,64.59,2
2008-01-02 14:39:37.026000128,64.49,2,64.59,2
2008-01-02 14:39:37.149999872,64.5,2,64.59,2
2008-01-02 14:39:37.202000128,64.5,2,64.6,5
2008-01-02 14:39:38.046000128,64.49,2,64.6,5
2008-01-02 14:39:38.758999808,64.48,7,64.6,5
2008-01-02 14:39:38.963999488,64.48,8,64.6,5
2008-01-02 14:39:40.882000384,64.49,2,64.6,5
2008-01-02 14:39:40.892000256,64.49,4,64.6,5
2008-01-02 14:39:40.964000000,64.49,2,64.6,5
2008-01-02 14:39:40.964000000,64.48,8,64.6,5
2008-01-02 14:39:41.018999808,64.48,7,64.6,5
2008-01-02 14:39:41.547999744,64.48,7,64.59,1
2008-01-02 14:39:41.840999936,64.48,7,64.59,4
2008-01-02 14:39:42.557000192,64.54,1,64.59,4
2008-01-02 14:39:42.970999808,64.48,7,64.59,4
2008-01-02 14:39:43.127000576,64.51,2,64.59,4
2008-01-02 14:39:44.651999744,64.48,7,64.59,4
2008-01-02 14:39:45.116999936,64.5,15,64.59,4
2008-01-02 14:39:45.116999936,64.51,14,64.59,4
2008-01-02 14:39:45.116999936,64.52,3,64.59,4
2008-01-02 14:39:46.057001216,64.51,14,64.59,4
2008-01-02 14:39:49.740999936,64.56,1,64.59,4
2008-01-02 14:39:49.810999808,64.56,2,64.59,4
2008-01-02 14:39:49.810999808,64.56,3,64.59,4
2008-01-02 14:39:49.971000064,64.56,4,64.59,4
2008-01-02 14:39:51.886999552,64.56,6,64.59,4
2008-01-02 14:39:52.120999680,64.56,4,64.59,4
2008-01-02 14:39:54.706999552,64.54,2,64.59,4
2008-01-02 14:39:54.866999808,64.55,2,64.59,4
2008-01-02 14:39:55.540999936,64.55,2,64.59,3
2008-01-02 14:39:55.966000128,64.55,4,64.59,3
2008-01-02 14:39:56.407000576,64.55,4,64.6,15
2008-01-02 14:39:56.766000128,64.55,6,64.6,15
2008-01-02 14:39:56.922000896,64.55,6,64.6,12
2008-01-02 14:39:56.922000896,64.55,12,64.6,12
2008-01-02 14:39:56.932000256,64.55,12,64.6,6
2008-01-02 14:39:56.937000448,64.55,12,64.62,100
2008-01-02 14:39:56.937000448,64.6,2,64.62,100
2008-01-02 14:39:56.992000256,64.6,5,64.62,100
2008-01-02 14:39:56.992000256,64.6,3,64.62,100
2008-01-02 14:39:57.100000000,64.55,12,64.6,2
2008-01-02 14:39:57.169999872,64.55,12,64.62,100
2008-01-02 14:39:57.169999872,64.55,10,64.62,100
2008-01-02 14:39:57.169999872,64.55,8,64.62,100
2008-01-02 14:39:57.169999872,64.55,6,64.62,100
2008-01-02 14:39:57.169999872,64.56,5,64.62,100
2008-01-02 14:39:57.169999872,64.6,2,64.62,100
2008-01-02 14:39:57.186999552,64.55,6,64.62,100
2008-01-02 14:39:57.186999552,64.61,2,64.62,100
2008-01-02 14:39:57.481999616,64.56,5,64.62,100
2008-01-02 14:39:57.486999808,64.61,2,64.62,100
2008-01-02 14:39:57.486999808,64.55,6,64.62,100
2008-01-02 14:39:57.500999680,64.55,6,64.61,2
2008-01-02 14:39:57.656999936,64.55,6,64.62,100
2008-01-02 14:39:57.724999680,64.57,4,64.62,100
2008-01-02 14:39:57.724999680,64.55,6,64.62,100
2008-01-02 14:39:57.810999808,64.56,3,64.62,100
2008-01-02 14:39:57.819998976,64.56,3,64.62,95
2008-01-02 14:39:58.038000128,64.55,6,64.62,95
2008-01-02 14:39:58.038000128,64.58,3,64.62,95
2008-01-02 14:39:58.038000128,64.56,1,64.62,95
2008-01-02 14:39:58.366999808,64.59,2,64.62,95
2008-01-02 14:39:58.368000000,64.59,2,64.62,92
2008-01-02 14:39:58.368000000,64.59,2,64.62,90
2008-01-02 14:39:58.368000000,64.59,2,64.62,88
2008-01-02 14:39:58.596999936,64.59,2,64.62,87
2008-01-02 14:39:58.700000000,64.59,2,64.62,85
2008-01-02 14:39:59.044000256,64.59,2,64.62,83
2008-01-02 14:39:59.269000960,64.59,2,64.62,82
2008-01-02 14:39:59.302000128,64.59,2,64.62,80
2008-01-02 14:40:01.500000000,64.59,2,64.61,1
2008-01-02 14:40:01.727000320,64.59,2,64.62,73
2008-01-02 14:40:01.792000000,64.59,2,64.62,72
2008-01-02 14:40:01.792000000,64.61,1,64.62,72
2008-01-02 14:40:02.764000512,64.59,1,64.62,72
2008-01-02 14:40:02.927000064,64.6,1,64.62,72
2008-01-02 14:40:03.097000192,64.6,11,64.62,72
2008-01-02 14:40:03.329999104,64.61,4,64.62,72
2008-01-02 14:40:03.496999936,64.61,4,64.62,63
2008-01-02 14:40:03.696999936,64.61,4,64.62,60
2008-01-02 14:40:03.836999936,64.61,4,64.62,56
2008-01-02 14:40:03.981000192,64.61,4,64.62,46
2008-01-02 14:40:04.631000320,64.61,4,64.62,1
2008-01-02 14:40:05.130999552,64.61,4,64.65,5
2008-01-02 14:40:05.185000448,64.62,1,64.65,5
2008-01-02 14:40:05.185000448,64.62,11,64.65,5
2008-01-02 14:40:05.185000448,64.62,12,64.65,5
2008-01-02 14:40:05.185000448,64.62,14,64.65,5
2008-01-02 14:40:05.196000000,64.62,24,64.65,5
2008-01-02 14:40:05.196999936,64.62,24,64.65,3
2008-01-02 14:40:05.205999616,64.62,24,64.65,1
2008-01-02 14:40:05.491999488,64.62,34,64.65,1
2008-01-02 14:40:05.491999488,64.63,1,64.65,1
2008-01-02 14:40:05.801000704,64.63,1,64.71,3
2008-01-02 14:40:05.860000512,64.65,1,64.71,3
2008-01-02 14:40:06.011000064,64.65,1,64.7,5
2008-01-02 14:40:06.011000064,64.66,1,64.7,5
2008-01-02 14:40:06.328000000,64.66,2,64.7,5
2008-01-02 14:40:06.616000000,64.65,1,64.7,5
2008-01-02 14:40:07.035999488,64.66,1,64.7,5
2008-01-02 14:40:07.355999488,64.67,1,64.7,5
2008-01-02 14:40:07.799999744,64.66,1,64.7,5
2008-01-02 14:40:09.320000000,64.67,1,64.7,5
2008-01-02 14:40:09.320000000,64.66,1,64.7,5
2008-01-02 14:40:09.396001024,64.67,1,64.7,5
2008-01-02 14:40:09.565000192,64.67,1,64.7,5
2008-01-02 14:40:09.565000192,64.67,2,64.7,5
2008-01-02 14:40:09.775999744,64.62,33,64.7,5
2008-01-02 14:40:09.805999872,64.62,33,64.7,5
2008-01-02 14:40:11.189000192,64.61,1,64.7,5
2008-01-02 14:40:11.311000064,64.61,1,64.7,7
2008-01-02 14:40:11.348000256,64.61,1,64.69,4
2008-01-02 14:40:11.435000064,64.61,1,64.7,7
2008-01-02 14:40:11.517999616,64.61,1,64.69,4
2008-01-02 14:40:11.700000000,64.61,1,64.69,6
2008-01-02 14:40:11.700000000,64.61,1,64.69,2
2008-01-02 14:40:11.700000000,64.61,1,64.69,4
2008-01-02 14:40:11.715999488,64.61,1,64.69,6
2008-01-02 14:40:11.715999488,64.6,27,64.69,6
2008-01-02 14:40:11.715999488,64.6,27,64.69,4
2008-01-02 14:40:11.715999488,64.6,27,64.69,2
2008-01-02 14:40:11.907000064,64.6,27,64.68,3
2008-01-02 14:40:11.907000064,64.6,27,64.67,4
2008-01-02 14:40:11.915999744,64.6,27,64.61,1
2008-01-02 14:40:11.996000000,64.6,21,64.61,1
2008-01-02 14:40:12.196000256,64.6,11,64.61,1
2008-01-02 14:40:12.196000256,64.57,2,64.61,1
2008-01-02 14:40:12.480000256,64.57,2,64.6,1
2008-01-02 14:40:12.921000192,64.55,5,64.6,1
2008-01-02 14:40:13.077999872,64.55,5,64.6,2
2008-01-02 14:40:13.304999680,64.54,4,64.6,2
2008-01-02 14:40:13.304999680,64.54,2,64.6,2
2008-01-02 14:40:13.595999488,64.54,2,64.6,3
2008-01-02 14:40:14.587999744,64.54,2,64.59,1
2008-01-02 14:40:14.957999872,64.54,2,64.58,1
2008-01-02 14:40:16.700999936,64.54,2,64.58,1
2008-01-02 14:40:16.750999808,64.54,2,64.58,1
2008-01-02 14:40:16.930000128,64.55,2,64.58,1
2008-01-02 14:40:17.089000704,64.55,2,64.59,1
2008-01-02 14:40:17.630000128,64.55,2,64.64,2
2008-01-02 14:40:17.886000896,64.55,2,64.64,4
2008-01-02 14:40:18.053000448,64.54,2,64.64,4
2008-01-02 14:40:18.219000576,64.54,4,64.64,4
2008-01-02 14:40:18.288000512,64.54,4,64.63,1
2008-01-02 14:40:18.776000000,64.54,4,64.63,3
2008-01-02 14:40:19.771000064,64.54,2,64.63,3
2008-01-02 14:40:19.771000064,64.54,2,64.63,3
2008-01-02 14:40:19.771000064,64.54,2,64.62,2
2008-01-02 14:40:19.771000064,64.54,2,64.62,4
2008-01-02 14:40:19.882000128,64.54,2,64.62,4
2008-01-02 14:40:19.882000128,64.54,2,64.61,4
2008-01-02 14:40:20.001999872,64.54,2,64.61,6
2008-01-02 14:40:20.018000128,64.54,2,64.61,6
2008-01-02 14:40:20.018000128,64.54,2,64.61,8
2008-01-02 14:40:20.219000320,64.54,2,64.61,6
2008-01-02 14:40:20.291000064,64.54,2,64.61,6
2008-01-02 14:40:20.463999488,64.54,2,64.61,8
2008-01-02 14:40:20.661999872,64.54,2,64.61,8
2008-01-02 14:40:20.948999936,64.54,2,64.6,1
2008-01-02 14:40:21.196000512,64.54,2,64.59,1
2008-01-02 14:40:21.627000576,64.54,2,64.59,3
2008-01-02 14:40:21.627000576,64.54,2,64.59,1
2008-01-02 14:40:21.997000192,64.54,2,64.6,1
2008-01-02 14:40:22.016000256,64.54,2,64.58,2
2008-01-02 14:40:22.016000256,64.54,2,64.58,2
2008-01-02 14:40:23.497000192,64.54,2,64.58,2
2008-01-02 14:40:24.436999680,64.54,2,64.58,31
2008-01-02 14:40:24.616000000,64.54,2,64.58,29
2008-01-02 14:40:24.856000000,64.54,2,64.58,29
2008-01-02 14:40:24.856000000,64.54,2,64.58,29
2008-01-02 14:40:25.090000384,64.54,2,64.57,1
2008-01-02 14:40:25.240000000,64.55,10,64.57,1
2008-01-02 14:40:25.403000320,64.55,10,64.58,20
2008-01-02 14:40:25.676000256,64.54,2,64.58,20
2008-01-02 14:40:25.724999936,64.54,2,64.58,10
2008-01-02 14:40:28.116999936,64.54,2,64.58,8
2008-01-02 14:40:28.826000128,64.54,3,64.58,8
2008-01-02 14:40:30.189000704,64.54,4,64.58,8
2008-01-02 14:40:31.740000000,64.54,3,64.58,8
2008-01-02 14:40:31.998000128,64.54,4,64.58,8
2008-01-02 14:40:31.998000128,64.54,4,64.57,1
2008-01-02 14:40:32.303000064,64.54,4,64.56,1
2008-01-02 14:40:32.455999744,64.54,4,64.58,8
2008-01-02 14:40:32.595999744,64.54,5,64.58,8
2008-01-02 14:40:32.599999744,64.54,4,64.58,8
2008-01-02 14:40:32.599999744,64.54,5,64.58,8
2008-01-02 14:40:32.599999744,64.54,4,64.58,8
2008-01-02 14:40:32.599999744,64.54,5,64.58,8
2008-01-02 14:40:32.614999808,64.54,3,64.58,8
2008-01-02 14:40:32.679999488,64.54,2,64.58,8
2008-01-02 14:40:32.679999488,64.54,2,64.58,8
2008-01-02 14:40:32.679999488,64.54,2,64.57,1
2008-01-02 14:40:32.702000128,64.54,2,64.56,1
2008-01-02 14:40:33.012999680,64.54,2,64.55,1
2008-01-02 14:40:33.071999744,64.54,3,64.55,1
2008-01-02 14:40:33.466000384,64.54,2,64.55,1
2008-01-02 14:40:33.886000384,64.54,2,64.56,1
2008-01-02 14:40:34.881000192,64.54,3,64.56,1
2008-01-02 14:40:34.881000192,64.54,4,64.56,1
2008-01-02 14:40:34.895000064,64.54,6,64.56,1
2008-01-02 14:40:35.090999552,64.54,5,64.56,1
2008-01-02 14:40:36.022000128,64.54,3,64.56,1
2008-01-02 14:40:36.184000000,64.55,28,64.56,1
2008-01-02 14:40:36.515000064,64.55,28,64.58,9
